2676 4860
103 421 110 430 ·
167 372 907 506 rno.'1on.mvnnnnrssnr1nnnx.
984 429 1066 506 sto„
1122 395 1160 490 ,J

50 597 174 682 craeso
194 601 277 662 nnn.
299 599 355 660 ns.
377 597 411 676 r,
441 616 508 681 cap.
540 579 598 664 no.¹
614 608 647 659 et
668 599 883 680 interpretum
905 555 946 658 ia
970 595 1000 660 n.
1025 597 1047 660 ι.

47 720 355 805 animadversionibus
375 717 485 802 colligi
507 717 593 781 licet,
619 717 764 828 QDeinde
782 715 822 778 ad
844 720 1049 800 triumphum
1115 785 1118 794 ¹

47 837 111 898 haec
130 842 155 900 si
175 841 272 902 velles
294 839 423 914 referri,
452 840 626 901 nonnulla¹
643 837 858 900 desiderarem
881 855 981 919 quum
1002 853 1050 900 to-

48 959 96 1018 tius
115 959 175 1022 loci
194 950 596 1042 sententiae'gravissimm
618 973 690 1020 tum
712 973 826 1042 poetae
838 944 968 1040 ingenio
982 979 1051 1019 ma·

46 1081 116 1140 nine
143 1082 391 1144 accommodata.
441 1081 606 1143 Nimirum
641 1099 709 1141 non
739 1075 914 1140 deficerent
951 1095 1051 1159 reges,

46 1199 86 1258 rel
106 1199 197 1262 duces
216 1202 369 1276 hostium,
398 1201 511 1283 populi
533 1197 651 1282 captivi
673 1196 731 1260 sub
755 1197 893 1260 consulis
914 1197 1051 1279 pedibus

45 1321 208 1384 incedentes
230 1323 314 1384 tristi
347 1322 441 1384 vultu
470 1331 503 1380 et
524 1317 674 1380 manibus
705 1327 776 1402 post
798 1332 934 1399 tergum·
947 1319 1053 1410 revin-¹

46 1440 102 1498 ctis:
130 1455 160 1502 et
189 1445 330 1504 omisisse
352 1442 458 1525 potius
480 1454 612 1523 poetam
632 1435 864 1500 contenderem
886 1456 940 1511 ea,
971 1455 1053 1518 quae

46 1577 77 1617 vt·
96 1561 134 1625 44
155 1583 220 1644 sqq.
253 1563 293 1624 ed
314 1581 469 1646 pompam
491 1555 723 1622 'exornandam
746 1571 1052 1620 commemorentur.

45 1675 74 1737 In
93 1686 195 1761 quavis
217 1685 307 1744 enirn
329 1679 491 1764 splendidi
517 1679 692 1763 triumphi
706 1661 891 1740 narratione
914 1653 1054 1759 captino-

46 1819 107 1861 rum
127 1803 164 1864 fit
184 1805 321 1866 mentio.
366 1801 448 1866 vide
470 1799 623 1862 Prudent.
647 1799 687 1860 ad
708 1799 894 1882 Symmach.
915 1796 958 1861 ΙΙ.

49 1927 52 1932 “
77 1918 136 1982 Sub
155 1923 355 2005 pedibusque
381 1920 501 1982 ducum
524 1922 666 2002 captivos
687 1922 811 2002 poplite
832 1921 916 1981 flexo

77 2042 121 2102 Ad
140 2046 217 2126 iuga
239 2043 399 2123 depressos
422 2039 634 2120 manibusque
655 2039 691 2100 in
713 2053 803 2120 terga
824 2031 961 2102 retortis.

48 2157 116 2221 uae
137 2135 231 2225 oea.
254 2141 350 2224 rna.
373 2161 429 2222 nb.
452 2161 526 2234 rv,=
542 2161 582 2219 a.
606 2161 642 2233 s,
665 2179 709 2219 vs.
732 2161 783 2224 43.
806 2161 859 2226 44.
904 2165 906 2179 ·

78 2279 222 2355 Crinibus
244 2303 287 2344 en
309 2283 407 2344 etiam
429 2273 731 2342 fertur'Germania
752 2281 848 2360 passis

115 2401 156 2464 Et
178 2405 269 2464 ducis
290 2404 405 2464 invicti
424 2401 483 2462 sub
504 2397 588 2482 pede
610 2390 733 2460 rnoe'sta
753 2395 851 2460 seder.
944 2426 949 2438 ,

45 2530 70 2578 et
90 2519 280 2586 Iuvenalem
296 2525 406 2604 ipsum
424 2530 471 2586 rs.
499 2519 569 2585 156.

336 2657 368 2703 et
389 2659 518 2703 summo
542 2641 641 2702 tristis
663 2637 804 2722 captivus
826 2636 861 2700 in
884 2656 970 2700 arcu.

40 2757 211 2837 Postremo,
241 2761 328 2844 quod
350 2741 572 2844 gravissimum
595 2771 657 2834 est,
685 2735 824 2820 librariis
850 2751 918 2820 non
941 2751 1060 2849 cogita·¹

41 2885 132 2944 verim
163 2897 234 2946 tam
262 2881 358 2942 facile
388 2893 420 2940 et
449 2891 518 2941 tam
547 2892 713 2962 promtum
741 2877 849 2953 fuisse,
878 2893 915 2938 ut
937 2891 1060 2939 novum
1074 2935 1087 2944 ,

41 2999 239 3086 descriptioni
260 3004 318 3078 rei,
342 3016 422 3082 quae
444 2999 520 3082 ipsis
540 3001 706 3061 notissima
724 3011 801 3073 erat,
824 2995 978 3058 adderent
992 3017 1060 3056 vere

40 3137 118 3198 sum,
148 3124 259 3186 addito
287 3137 325 3184 ut
354 3122 421 3206 alia
449 3121 545 3205 plane
573 3135 623 3180 res
654 3136 691 3180 ac
714 3116 821 3180 minus
842 3131 920 3178 nota
940 3115 1061 3178 interfit

36 3245 137 3325 ¹genda
159 3259 249 3310 esset.
295 3243 416 3305 Contra
449 3243 476 3304 si
502 3239 539 3304 in
572 3237 633 3302 hac
664 3236 821 3299 Cirtensis
847 3241 986 3320 pompae
1007 3227 1061 3308 ‘exi

39 3365 191 3440 positione
214 3381 321 3426 versus
346 3361 556 3439 haberemus,
587 3361 644 3443 qui
658 3356 712 3420 ‘ad
740 3357 945 3440 triumphum
967 3353 1075 3430 latius,
1154 3347 1162 3358 ⁹

40 3485 257 3546 exornandum
291 3483 510 3564 pertinerent,
549 3497 602 3544 eos
640 3475 752 3542 dubios·
782 3494 818 3541 ac
845 3479 1061 3561 supposititios
1169 3489 1171 3500 ·

39 3599 158 3668 facilius
181 3589 340 3688 putarem.

306 3801 793 3879 snT1nn·x‚vs.96.

377 3973 386 3982 ·
458 3959 504 4021 vis
527 3971 612 4020 certe
635 3959 719 4042 pila,
747 3951 907 4030 cohortes,

80 4079 232 4164 Egregios
255 4062 376 4164 equites
406 4093 441 4156 et
461 4091 562 4141 castra
585 4075 780 4140 domestica?
