2648 4858
252 415 315 496 1111
343 385 346 393 ’
531 405 996 506 111111111111111111

251 584 422 643 Praeterea
443 583 512 660 quis
533 595 602 645 tam
623 581 774 664 Pylades,
796 565 917 641 molem
941 579 1065 660 aggeris
1085 579 1183 638 ultra

168 701 169 704 ’
253 686 298 746 Ut
321 685 448 744 veniat?
471 683 636 744 Lacrimae
658 688 817 745 siccentur
839 679 1000 764 protinus,
1024 694 1111 740 etse

185 861 187 870 Ι
251 787 463 848 Ε1111111111111
485 807 554 847 non
575 787 783 846 sollicitemus
806 789 935 848 amicos.

249 889 308 952 Du'
324 903 454 963 testem,
476 889 574 961 iudex
595 887 695 969 q'uum
703 891 848 950 'dixeritz
873 889 987 948 audeat
1008 887 1082 958 ille,

250 995 364 1056 Nescio
384 994 471 1072 quis,
494 1011 616 1072 pugnos
641 995 695 1072 qui
716 993 813 1066 vidit,
836 991 960 1064 dicere,
983 989 1079 1058 Vidi,
1169 1051 1173 1060 ,
1260 989 1296 1048 3⁰

249 1097 292 1158 Et
315 1095 446 1158 credam
466 1095 601 1174 dignum
622 1095 723 1156 barba
746 1095 942 1175 dignumque
966 1089 1091 1170 capillis

253 1199 429 1262 Maiorum.
454 1197 576 1258 'Citius
597 1197 715 1258 falsum
735 1197 913 1278 producere
935 1206 1051 1252 testem

252 1302 371 1364 Contra
390 1321 558 1382 ,paganum
579 1302 696 1387 possis,
720 1319 817 1380 quarn
838 1317 915 1358 vera
936 1297 1125 1375 loquentem

252 1404 372 1467 Contra
393 1404 559 1466 fortunam
583 1405 703 1464 armati
722 1415 897 1482 contraque
918 1399 1086 1480 pudorem.

313 1507 556 1566 Praemienunc
567 1508 629 1567 alia
637 1518 731 1584 atque
741 1505 804 1564 alia
813 1504 1033 1564 emolumenta
1043 1514 1206 1562 notemus
1258 1499 1291 1563 35

160 1658 175 1690 ⁵.
251 1612 544 1673 Sacramentorum.
589 1609 779 1668 Convellem
799 1608 882 1666 ruris
905 1607 982 1677 aviti
1041 1649 1049 1664 .

162 1743 165 1748 v
249 1713 421 1795 Improbus
445 1725 500 1770 aut
523 1731 676 1792 campum
697 1711 781 1770 mihi
803 1710 828 1768 si
851 1709 974 1772 vicinus
997 1709 1119 1768 ademit

148 1893 152 1903 ,
250 1814 292 1876 Et
314 1835 440 1875 sucrum
464 1813 576 1872 effodit
599 1813 707 1872 medio
729 1813 897 1891 Ι(1111111111
920 1831 1047 1884 saxum,

151 1908 156 1920 “
251 1917 348 1996 Quod
369 1936 444 1976 mea
467 1935 542 1974 cum
565 1916 672 1974 vetulo
695 1915 796 1973 coluit
817 1914 887 1993 puls
911 1933 1018 1972 annua
1039 1913 1123 1985 libo,

250 2019 389 2080 Debitor
412 2031 467 2076 aut
488 2030 607 2077 sumtos
629 2019 734 2096 pergit
755 2035 821 2076 non
843 2017 978 2074 reddere
1001 2034 1175 2090 nummos,
1255 2017 1294 2077 40

251 2107 343 2182 tiana
364 2101 554 2201 supervdcui
576 2119 683 2205 dicens
707 2119 920 2198 chirographa
941 2119 1037 2198 ligni:
1311 2106 1319 2193 1

251 2224 500 2306 Exspectandus.
513 2225 588 2297 erit,
619 2226 673 2304 qui
695 2222 935 2293 lites‘inchoet,
957 2241 1059 2280 annus

153 2356 158 2376 1
251 2329 364 2388 Totius
386 2327 513 2407 populi:
536 2325 690 2386 sedftuuc
713 2345 839 2404 quoque
860 2324 951 2386 mille
974 2323 1118 2383 ferenda·

252 2432 390 2504 Taedia,
413 2429 505 2488 mille
528 2423 654 2486 morae:
677 2431 771 2486 toties
787 2427 943 2485 subsellia
963 2439 1093 2485 tantum

227 2590 235 2595 ,
255 2513 465 2607 Sternuntur:
487 2535 556 2592 iam
577 2531 716 2590 facundo
739 2543 880 2610 ponente
902 2530 1045 2588 lacernas

253 2631 404 2695 Caedicio
426 2646 458 2692 et
479 2634 582 2693 Fusco
603 2635 670 2692 iam
691 2623 913 2704 micturiente,
937 2634 1040 2714 parati

253 2737 463 2818 Digredimur
484 2719 635 2814 lentaque
658 2734 720 2793 fori
742 2753 921 2814 pugnamus
944 2755 1050 2794 arene.

252 2840 309 2899 Ast
330 2839 409 2910 illis,
433 2857 510 2918 quos
533 2857 623 2897 arma
644 2849 759 2916 tegunt
771 2812 813 2894 xet
835 2837 959 2896 balteus
982 2818 1102 2908 ambit,

253 2941 349 3020 Quod
369 2941 528 3020 placitum
550 2953 596 2999 est
616 2942 707 3020 ipsis,
730 2953 908 3018 praestatur
929 2951 1056 3018 ternpus
1079 2939 1218 3019 agendi,
1312 2964 1317 3007 1

180 3055 211 3094 ·“
252 3043 320 3104 Nec
341 3062 392 3100 res
415 3046 563 3103 atteritur
584 3043 682 3120 longo
704 3041 883 3105 sufflamine
907 3043 981 3102 litis.
1242 3043 1286 3104 50

284 3181 292 3189 ι
315 3147 396 3205 Solis
418 3161 585 3226 praeterea
605 3144 744 3204 testandi
765 3145 922 3204 militibus
944 3147 993 3204 ius

214 3259 217 3269 '
253 3245 335 3309 Vivo
357 3263 448 3328 patre
473 3247 580 3306 datur:
602 3265 696 3320 nem,
719 3267 800 3326 quae
821 3261 896 3307 suut
917 3259 1009 3328 parta
1031 3245 1143 3306 labore

254 3349 409 3420 Militiae,
433 3351 555 3428 placuit
578 3369 645 3408 non
667 3369 734 3408 esse
754 3351 791 3408 in
812 3367 945 3429 corpore
968 3367 1095 3421 census,

253 3450 359 3510 Omne
382 3463 472 3510 tenet
495 3452 583 3508 cuius
605 3454 750 3532 regimen
772 3464 872 3530 pater.
916 3451 1000 3532 Ergo
1018 3449 1195 3526 Coranum,

252 3552 426 3634 Siguorum
448 3554 601 3610 comitem
623 3566 862 3633 castrorumque
884 3573 958 3614 aera
979 3567 1177 3630 merentem,
1240 3555 1287 3620 55

223 3678 227 3684 ’
253 3647 408 3736 Quamvis
428 3658 496 3716 iam
510 3655 676 3728 tremulus,
699 3669 807 3736 captat
821 3668 921 3736 pater.
944 3658 1040 3718 Hunc
1054 3659 1144 3718 favor
1159 3677 1285 3739 aequus

184 3821 186 3828 ,
253 3760 408 3820 Ρ1ο1111111
421 3747 462 3820 et
480 3757 593 3839 pulcro
615 3755 720 3818 reddit
739 3776 797 3819 sua
818 3761 905 3819 dona·
922 3747 1037 3820 labori.

229 3860 356 3942 ‘Ipsius
378 3875 464 3922 certe
486 3861 575 3920 ducis
596 3859 658 3920 hoc
682 3860 802 3922 referre
826 3863 969 3938 videtur,

183 3973 192 3988 ‘
254 3944 316 4038 Ut,
339 3966 394 4044 qui
414 3963 504 4026 sortis
527 3965 604 4038 erit,
625 3965 666 4034 sit
686 3959 885 4026 felicissimus
906 3967 1011 4038 idem,
1062 3959 1068 3974 ‘
1146 3969 1150 3982 '

256 4061 302 4126 Ut
323 4067 401 4128 11111
422 4067 563 4151 phaleris
585 4083 695 4130 omnes
717 4081 750 4127 et
771 4067 937 4158 torquibus
959 4086 1081 4133 omnes.
1234 4075 1286 4134 60

559 4215 968 4258 w-
