2648 4858
230 375 334 474 Ιιιι
543 350 971 466 ιιιιιιιιιιιιοιιιι

256 557 327 617 vius
349 565 381 613 et
399 550 442 614 H.
463 550 607 636 Valesius
626 551 800 636 dederent:
809 528 994 635 osculisque
1010 551 1150 626 maritis.
1181 551 1273 634 Quasi

257 673 446 757 grandaevis
466 671 661 742 hominibus
673 671 887 764 somnolentia
908 674 958 733 sit.
1003 671 1092 734 lnter
1106 693 1183 756 quos
1205 695 1271 756 pru·

259 796 386 858 dentisr
415 792 600 900 Grangaeus
629 805 700 866 est,
728 793 782 871 qui
811 791 896 854 nihil
922 804 1050 854 mutans
1077 807 1209 876 poetam
1237 795 1272 854 ad

230 925 379 976 ¹nomen
402 893 573 987 kalonem,
606 913 660 992 qui
689 911 782 971 vituli
812 887 1010 986 dicerentur,
1040 911 1184 974 alludere
1208 933 1272 973 con-

198 1062 210 1076 .
258 1035 373 1096 tendit.
417 1031 499 1092 Vide
522 1011 652 1094 dehac
674 1051 709 1090 re
733 1029 869 1092 Gesneri
889 1029 1029 1092 thesaur
1050 1052 1074 1096 s.
1095 1031 1129 1094 h.
1152 1055 1181 1094 v.
1224 1037 1271 1094 At-

259 1167 371 1216 tamen
399 1149 504 1210 multo
532 1149 708 1240 simplicius
736 1150 834 1211 verba
863 1151 1052 1232 explicanda
1084 1158 1168 1215 sunt.
1217 1156 1272 1214 Aut

260 1273 357 1336 uituli
365 1271 484 1332 marini
505 1269 538 1332 h.
560 1267 581 1333 l.
605 1291 715 1336 omnes
736 1250 762 1333 ii
781 1263 942 1346 dicuntur]
965 1273 1020 1353 qui
1041 1272 1223 1354 phocarum
1234 1275 1273 1335 in·

260 1387 326 1454 star
353 1391 418 1452 alto
450 1410 563 1452 somno
585 1393 681 1473 sopiti
708 1393 831 1467 iacent3
860 1391 1133 1472 quemadmodum
1161 1393 1272 1454 Dranus

261 1532 320 1597 pro
344 1511 454 1594 quovis
481 1509 684 1588 somnolento
707 1483 909 1597 accipiendus
938 1523 1001 1586 est,
1031 1511 1103 1573 vide
1125 1511 1166 1574 de
1187 1513 1273 1574 Drusi

183 1647 185 1654 ’
261 1633 353 1715 gravi
371 1647 485 1692 somno
512 1629 644 1722 Sueton.
673 1627 786 1692 Claud.
816 1649 843 1692 c.
872 1629 903 1695 6.
931 1643 964 1691 et
991 1635 1021 1697 8.
1052 1645 1084 1694 et
1106 1607 1146 1694 de
1167 1633 1273 1718 phoca·

263 1761 339 1815 rum
360 1749 445 1812 Plin.
468 1747 541 1814 hist.
564 1747 637 1810 Nat.
660 1749 716 1810 lib.
739 1747 802 1824 IX,
826 1770 853 1810 c.
873 1749 923 1825 18,
946 1749 1011 1826 aut,
1033 1752 1059 1812 si
1080 1755 1198 1828 mavis,
1219 1755 1275 1835 ipsa
1309 1811 1310 1820 ,

265 1867 420 1965 animalia
455 1867 631 1950 intelligas,
668 1869 705 1929 in
742 1887 805 1949 qua
838 1867 968 1950 quidem
1004 1871 1185 1952 phocarum
1212 1893 1275 1933 cum
1309 1855 1310 1898 l

233 1984 254 1998 ’“
266 1982 373 2052 Druso
401 1987 535 2049 Caesare
564 1988 605 2049 ob
636 1988 884 2050 somnolentiam
913 1991 1143 2084 coniunctione
1169 2009 1275 2074 magna

138 2127 142 2142 ¹
264 2091 461 2173 ais‘satirica
483 2083 575 2170 inest.
618 2107 744 2170 Idcirco
763 2129 825 2168 nec
840 2107 976 2188 Iacobsii
989 2112 1188 2172 correctione
1210 2129 1276 2193 opos

122 2215 125 2225 Κ
185 2269 190 2288 .
268 2201 314 2291 eit
338 2225 511 2318 vitulisoe;
544 2229 630 2311 quod
656 2231 683 2290 si
710 2229 925 2290 necessarium
952 2245 1048 2306 esset,
1081 2229 1173 2302 idem
1193 2232 1276 2313 parti-

268 2341 345 2412 cula
362 2369 425 2430 que
445 2351 647 2436 exprimeret.
671 2349 711 2411 cf.
733 2349 844 2413 quen.
866 2347 930 2411 Sat.
952 2347 1046 2424 Xlll,
1068 2369 1113 2410 vs.
1136 2351 1187 2416 68.
1210 2372 1276 2414 exa·

268 2475 409 2551 meoque
431 2473 552 2550 apium.
575 2469 639 2530 Sat.
662 2468 722 2543 VI,
744 2489 788 2529 vs.
814 2471 862 2532 13
886 2487 944 2550 qut
958 2483 1059 2550 rupto
1074 2469 1196 2532 robore
1217 2469 1278 2531 nati

270 2589 509 2670 compositique
524 2589 606 2651 luto.¹
642 2589 715 2650 Vid
726 2587 848 2648 Ernest.
862 2588 902 2648 ad
916 2584 1021 2720 Tacit.
1036 2589 1120 2650 Ann.
1132 2589 1189 2653 lib.
1202 2587 1276 2664 ΧΙΙΙ,

274 2728 301 2770 c.
324 2705 423 2772 2⁵.
496 2697 510 2722 '⁸
565 2712 568 2720 ’
647 2711 651 2720 ’
785 2770 788 2780 ,
1308 2697 1309 2778 l

151 2803 157 2814 Ι
326 2825 409 2886 Vs.
431 2827 504 2889 237
527 2826 701 2888 lectionem
722 2825 1013 2922 vicoruminflexu
1031 2827 1195 2918 praefero,
1216 2829 1277 2910 quia

270 2945 371 3008 hocce
392 2917 588 3018 vocalsulum
610 2945 711 3008 altero
733 2949 835 3008 rarius
856 2951 924 3009 sine
939 2944 1038 3010 dubio
1056 2969 1135 3010 eam
1157 2950 1197 3011 ob
1219 2967 1278 3008 cau·

271 3085 339 3129 sam
359 3065 517 3126 reiectum
539 3078 603 3141 est,
631 3080 669 3126 ut
688 3071 890 3150 praepositio
913 3069 948 3129 in
970 3036 1108 3143 adesset,
1138 3072 1225 3130 cuius
1243 3080 1279 3126 ta·

271 3205 349 3246 men
377 3185 505 3246 omissio
532 3187 568 3246 in
595 3187 633 3248 iis
662 3187 782 3263 verbis,
824 3188 939 3270 quibus
963 3189 1029 3250 loci
1058 3189 1149 3250 notio
1179 3188 1278 3258 subest,

274 3305 360 3386 apud
387 3303 576 3388 iuvenalem
612 3307 753 3390 aliosque
780 3307 1047 3390 frequentissima.
1079 3309 1165 3371 'Vid
1195 3309 1279 3369 Wun-

176 3449 178 3456 ⁴
274 3421 407 3484 derlich.
430 3421 472 3483 ad
500 3423 621 3488 Tibull.
651 3425 708 3487 lib.
730 3425 762 3502 1,
796 3419 876 3510 eleg.
900 3431 938 3502 8,
966 3449 1011 3491 vs.
1040 3433 1092 3496 28.
1136 3425 1308 3496 luseul,

275 3563 319 3606 ιι.
341 3541 392 3609 68.
415 3543 524 3606 medio
549 3546 725 3628 quadrivio
748 3565 847 3610 ceras
872 3547 1018 3630 implere.
1063 3569 1107 3610 vs.
1131 3547 1183 3614 95.
1206 3565 1279 3630 spor·
1307 3577 1308 3616 ι

275 3662 349 3725 tula
366 3666 473 3746 primo
487 3664 598 3726 limine
613 3685 723 3748 parva
741 3666 844 3727 sedet.
887 3665 951 3729 Sat.
974 3667 1037 3744 111,
1061 3689 1103 3731 vs.
1129 3671 1201 3735 178.
1222 3669 1279 3728 her·

277 3775 364 3848 boso
384 3777 523 3846 theatro.
565 3785 630 3846 Sat.
659 3783 720 3857 IV,
750 3803 793 3846 vs.
818 3789 890 3850 tta.
912 3807 1097 3852 marmorea
1119 3791 1280 3850 meditem

276 3902 407 3984 proelia
429 3900 531 3969 villo.¹
565 3903 631 3966 Sat.
664 3903 708 3979 V,
737 3925 781 3967 vs.
811 3909 881 3974 188.
910 3907 1028 3970 nullus
1045 3909 1113 3970 tibi*
1134 3905 1279 3992 parvulus

278 4021 359 4088 nalo
378 4021 519 4088 Luserit
536 4027 677 4092 Aeneas.
708 4024 785 4090 'Sat
814 4021 875 4104 XI,
905 4047 947 4092 vs.
977 4031 1029 4096 78.
1057 4049 1166 4112 parvo
1180 4029 1278 4094 «Ιιοιιι.
