2706 4860
275 413 320 550 si
501 536 503 540 s
567 447 730 518 urus.
753 443 1027 510 ruvrusrrs

282 625 379 708 Quod
397 627 536 707 spatium
553 625 652 684 tectis
671 622 878 695 sublimibus,
899 620 986 684 unde
1000 605 1187 680 cerebrtmi‘

284 747 382 808 Testa
404 745 510 804 ferito
524 745 646 825 quoties
665 745 784 803 rimosa
807 753 838 801 et
861 753 952 800 curta
976 738 1122 812 fenestris
1208 799 1211 805 ,
1249 739 1318 801 270

283 867 368 928 Vasa
394 865 525 926 cadant:
549 875 668 944 quanto
688 879 872 943 percussum
895 859 1039 942 pondere
1059 859 1186 940 signent
1346 841 1347 844 Ἴ

278 986 322 1049 Et
340 986 471 1047 laedant
494 983 627 1044 silicem.
669 981 770 1042 Possis
788 982 926 1062 ignavus
943 977 1058 1040 haberi
1159 1015 1162 1022 ·

278 1105 321 1168 Et
335 1105 434 1165 subiti
449 1121 539 1164 casus
560 1103 773 1182 improvidus,
797 1101 838 1162 ad
857 1119 996 1177 coenam
1016 1100 1043 1159 si
1137 1121 1140 1128 ’

280 1223 455 1286 intestatus
475 1242 536 1283 eas
583 1223 672 1282 Adeo
690 1233 740 1282 tot
757 1202 843 1294 fata,
867 1232 944 1300 quot
962 1219 1020 1280 illa

279 1341 383 1402 Nocte
406 1353 519 1423 patent
539 1343 664 1424 vigiles,
694 1355 727 1402 te
748 1351 1013 1422 praetereunte,
1012 1337 1179 1398 fenestrae.
1246 1289 1347 1399 lidi

278 1459 363 1543 Ergo
384 1476 473 1543 optes
498 1472 673 1542 votumque
693 1461 780 1522 feras
796 1443 981 1521 miserabile
1000 1469 1128 1530 tecum,

228 1622 230 1626 ,
280 1580 326 1642 Ut
346 1582 410 1642 sint
428 1583 605 1642 coulenrae
625 1580 752 1660 pandas
773 1579 947 1640 defundere
973 1576 1090 1658 pelves.

312 1668 319 1674 .
343 1699 459 1762 Ebrius
480 1719 518 1760 ec
541 1699 706 1780 petulans,
729 1700 784 1779 qui
803 1698 934 1760 nullum
955 1697 1039 1758 forte
1060 1693 1194 1768 cecidit,
1346 1733 1347 1802 p

253 1861 255 1864 .
277 1819 499 1901 Datxpoeuas,
521 1833 654 1880 noctem
679 1821 801 1900 patitur
817 1819 955 1900 lugentis
978 1818 1120 1878 amicum

94 1943 98 1961 ¹
180 2022 183 2032 Ι
276 1937 434 2013 Pelidae,¹
448 1939 545 2000 cubat
562 1940 599 2000 in
621 1938 759 2012 faciem,
781 1957 857 2036 mors
877 1938 996 2006 deinde
1017 1937 1158 2022 supinus.
1245 1919 1347 2000 280}

277 2057 372 2140 Ergo
384 2077 452 2119 non
478 2060 574 2120 aliter
593 2059 712 2138 poterit
735 2057 898 2125 dormire?
922 2057 1114 2139 quibusdam

278 2177 481 2265 Somnum
454 2198 524 2240 rura
543 2177 637 2248 facit:
659 2177 716 2239 sed
739 2179 883 2258 quamvis
902 2177 1067 2259 improbus
1089 2174 1181 2235 anuis

279 2297 385 2378 Atque
404 2317 495 2358 mero
516 2297 658 2372 fervens,
681 2309 772 2359 cavet
796 2298 885 2358 huuc
895 2317 1023 2380 ‚quem
1038 2281 1171 2357 coccina
1192 2295 1290 2354 laens
1346 2321 1347 2376 g

168 2491 171 2498 .
246 2393 248 2402 Ι
279 2416 384 2478 Vitari
406 2418 512 2493 iubet,
536 2432 568 2479 et
588 2418 745 2478 comitum
769 2418 972 2499 longissimus
996 2415 1092 2480 ordo:

279 2537 426 2598 Multum
449 2551 617 2618 praeterea
638 2537 848 2604 flammarum
870 2549 902 2596 et
923 2539 1023 2596 alinea
1049 2535 1182 2616 lampas.
1234 2529 1312 2598 *285
1346 2539 1347 2546 ’

222 2679 227 2687 ‘
279 2655 353 2732 Me,
377 2675 475 2736 quem
495 2659 573 2720 luna
594 2657 675 2718 solet
694 2657 863 2730 deducere,
885 2655 937 2716 vel
947 2656 1045 2716 breve
1066 2656 1180 2722 lumen
1318 2643 1322 2650 ’
1346 2617 1347 2640 i

281 2775 461 2853 Candelae,
483 2779 572 2838 cuius
595 2777 740 2858 dispenso
763 2789 796 2837 et
816 2788 962 2856 tempero
985 2775 1098 2851 filum,

282 2895 480 2959 Contemnit.
524 2896 663 2960 Miserae
689 2909 844 2978 cognosce
868 2859 1034 3008 prooemia¹
1053 2897 1157 2970 rixae,

280 3015 357 3078 Si'
329 3035 400 3080 nra
421 3029 483 3092 est,
504 3015 563 3078 ubi
581 3029 618 3076 tu
638 3017 761 3098 pulsas,
784 3035 843 3098 ego
858 3017 976 3098 vapulo
997 3001 1136 3077 tantum.

279 3111 494 3224 Statlcontras
503 3137 643 3218 starique
655 3138 761 3210 iubet,
783 3155 895 3218 parere
913 3154 1041 3200 necesse
1057 3147 1113 3196 est.
1150 3153 1152 3160 ’
1214 3177 1219 3184 1
1244 3133 1310 3199 290
1346 3131 1347 3198 l

274 3245 368 3319 'Nam
388 3257 466 3337 quid
485 3273 577 3338 agas,
601 3268 701 3340 quum
718 3267 752 3316 te
773 3250 910 3318 furiosus
931 3251 1024 3338 cogat
1048 3269 1080 3317 et
1099 3255 1188 3318 idem

258 3376 266 3435 .'
280 3373 427 3437 Fortior?
449 3376 545 3436 Unde
556 3377 667 3437 venis?
689 3378 865 3438 exclamat:
885 3377 974 3438 cuius
996 3364 1103 3450 aceto,
1159 3413 1162 3420 ·

281 3493 382 3564 Gtrius
402 3496 525 3556 conche
545 3497 671 3557 tumes?
693 3492 763 3578 qeis'
784 3504 894 3562 tecum
913 3495 1024 3562 sectile
1044 3513 1178 3577 porrum

281 3612 378 3676 Sutor
396 3627 429 3674 et
448 3615 524 3677 elixi
553 3618 696 3678 vervecis
716 3616 807 3679 labra
833 3615 994 3678 comedit?

281 3731 440 3810 Nilmilri
462 3737 653 3816 respondes?
685 3751 740 3798 aut
763 3737 832 3810 dic,
856 3749 911 3797 aut
931 3739 1040 3820 accipe
1059 3736 1199 3797 calcem:
1244 3732 1308 3802 295

282 3849 369 3927 Ede,
390 3855 449 3918 ubi
462 3857 634 3932 consistas,
656 3859 692 3918 in
713 3877 776 3939 qua
795 3853 829 3917 te
849 3877 966 3940 quaero
981 3855 1180 3941 proseucha?
1312 3839 1319 3851 ¹

283 3967 402 4034 Dicere
421 3975 448 4036 si
464 3987 568 4038 tentes
592 3978 731 4060 aliquid,
753 3980 908 4045 tacitusve
935 3979 1083 4051 recedas,

284 4078 492 4159 Tantundem
510 4109 572 4159 est:
593 4099 715 4194 feriunt
736 4101 871 4182 periterz
899 4095 1082 4161 vadimonia
1104 4096 1222 4160 deinde
