2706 4860
277 429 318 494 14
562 425 1027 496 u.1uu.1uvuuams
1080 514 1083 520 p

274 599 434 660 Cedamus
455 597 572 680 patria:
600 599 710 661 vivant
731 597 876 661 Artorius
897 599 968 660 istic

271 719 314 781 Et
324 717 471 789 Catulus:
488 730 656 796 maneant,
672 717 727 798 qui
740 717 870 798 nigrum
884 720 921 780 in
934 719 1070 780 candida
1083 732 1225 794 vertunt,
1256 724 1302 785 30

274 842 352 922 Quis
374 827 469 900 facile
492 851 538 898 est
560 835 674 896 aedem
696 837 890 910 conducere,
912 839 1064 911 flumina,
1086 853 1213 920 portus,

113 989 120 1012 x
175 978 179 992 ¹
269 958 461 1020 siccandam
492 936 649 1028 eluviem,
673 957 873 1036 portandum
901 958 944 1018 ad
970 957 1064 1018 busta
1092 959 1244 1036 cadaver,

269 1078 313 1140 Et
333 1078 487 1160 praebere
510 1089 607 1157 caput
629 1077 761 1136 domina
782 1075 895 1138 venale
916 1077 974 1138 sub
996 1077 1096 1142 hasta.

240 1185 247 1192 ⁸
270 1194 444 1280 Quondam
466 1197 503 1258 hi
526 1198 703 1258 cornicines
726 1209 758 1256 et
778 1197 982 1278 municipalis
1016 1217 1132 1258 arenae

197 1385 204 1399 ¹
267 1318 421 1410 Perpetui
443 1319 575 1378 comite's
597 1329 756 1398 notaeque
778 1337 835 1398 per
851 1316 979 1406 oppida'
989 1317 1126 1404 buccae,
1249 1319 1297 1386 35

234 1417 238 1422 ’
267 1438 515 1504 Muneranunc
537 1437 659 1510 edunt,
682 1449 715 1496 et
737 1456 826 1496 verso
848 1436 967 1517 pollice
988 1437 1093 1520 vulgi,

269 1557 457 1638 Queinlibet
479 1558 632 1620 occidunt
653 1556 867 1638 populariter:
900 1555 976 1616 inde
995 1548 1115 1620 reversi

266 1668 461 1740 Gonduc'unt
482 1678 612 1750 loricas,
635 1688 669 1737 et
691 1695 749 1736 cur
770 1695 838 1735 non
860 1676 989 1736 omnia?
1012 1697 1112 1757 quum
1132 1679 1214 1754 sint,

267 1798 384 1878 Qualqs
407 1817 446 1862 ex
467 1797 584 1858 humili
605 1816 723 1878 magna
746 1797 787 1856 ad
807 1795 933 1876 fastigia
953 1815 1064 1856 rerum
1189 1791 1190 1794 ’

263 1917 414 1989 Extollit,
438 1920 559 1998 quoties
581 1917 684 1977 voluit
705 1915 835 1976 fortuna
855 1917 965 1986 iocari.
1161 1884 1162 1897 χ

265 2038 353 2116 Quid
374 2037 498 2098 Romae
520 2037 659 2100 faciam?
689 2035 824 2096 Mentiri
845 2009 966 2096 nescio:
985 2035 1125 2111 librum,

264 2157 297 2220 Si
320 2157 422 2218 malus
445 2169 507 2229 est,
528 2175 654 2236 nequeo
677 2155 825 2230 laudare,
848 2168 880 2215 et
901 2175 1043 2238 poscere:
1065 2147 1187 2216 motus¹

251 2241 431 2338 'Astrorum
451 2278 578 2358 ignoro:
600 2275 695 2336 funus
717 2277 906 2358 promittere
927 2276 1027 2358 patris
1349 2297 1350 2340 l

261 2396 329 2456 Nec
351 2397 440 2469 volo,
463 2417 525 2458 nec
546 2415 691 2478 possum:
714 2415 868 2456 ranarum
891 2398 1010 2457 viscera
1031 2413 1210 2476 numquam
1349 2353 1350 2411 l

261 2515 398 2596 Inspexi.
440 2516 537 2575 Ferre
560 2516 601 2576 ad
621 2529 774 2596 nuptam,
799 2537 879 2596 quae
895 2517 997 2576 mittit
1020 2515 1156 2590 adulter,
1242 2515 1287 2582 45
1348 2575 1349 2640 1

262 2634 353 2713 Quae
374 2633 523 2711 mandat,
544 2637 654 2695 norint
677 2635 746 2696 alii:
768 2655 821 2694 me
843 2655 940 2694 nemo
961 2637 1109 2697 ministro
1348 2643 1349 2673 ¹

205 2825 207 2832 y
261 2754 327 2814 Fur
349 2756 424 2828 erit,
448 2767 542 2836 atque
563 2753 636 2814 ideo
658 2755 743 2815 nulli
765 2774 891 2830 comes,
914 2773 992 2814 exeo
1012 2754 1170 2836 tanquam

260 2875 396 2936 Mancus
418 2887 450 2934 et
472 2875 644 2964 exstinctae
668 2894 781 2956 corpus
802 2894 870 2934 non
891 2875 971 2934 utile
994 2875 1133 2936 dextrae.

261 2995 340 3076 Quis
361 3014 449 3056 nunc
472 2994 631 3075 diligitur,
660 2995 723 3054 nisi
746 2997 888 3059 conscius
911 3008 943 3056 et
965 2997 1018 3056 cui
1040 2995 1165 3056 fervens

257 3117 391 3178 Aestuat
412 3115 544 3176 occultis
567 3115 693 3176 anianus
714 3133 903 3196 semperque
923 3113 1087 3174 tacendis?
1237 3115 1283 3182 50
1346 3119 1347 3197 l

180 3245 183 3256 ’
257 3235 314 3296 Nil
334 3237 395 3297 tibi
416 3257 448 3296 se
471 3233 586 3296 debere
608 3247 717 3316 putat,
737 3235 787 3295 nil
808 3234 951 3294 conferet
971 3253 1130 3316 unquam,

255 3353 453 3435 Participem
469 3355 523 3434 qui
536 3367 569 3415 te
588 3356 703 3416 secreti
723 3354 801 3414 fecit
822 3353 962 3418 honesti.

257 3474 357 3535 Carus
380 3475 441 3534 erit
467 3473 575 3549 Verri,
597 3475 652 3582 qui
672 3475 808 3560 Verrem
827 3486 989 3566 tempore,
1013 3493 1074 3556 quo
1096 3474 1183 3549 vult,

255 3596 412 3656 Accusare
433 3607 547 3675 potest.
591 3593 691 3654 Tanti
710 3595 772 3654 tibi
793 3615 860 3656 non
880 3595 920 3654 sit
943 3594 1035 3674 opaci
1106 3603 1108 3612 ’

225 3718 227 3730 “
256 3716 369 3776 Omnis
392 3735 489 3776 arena
500 3715 582 3796 Tagi
598 3715 744 3796 quodque
759 3717 795 3774 in
808 3734 897 3774 mare
910 3713 1049 3774 volvitur
1064 3733 1188 3789 aurum,
1232 3713 1276 3780 65
1344 3687 1345 3721 ¹

254 3835 300 3894 Ut
320 3856 433 3896 somno
456 3855 562 3896 careas
584 3835 796 3916 ponendaque
818 3835 961 3914 praemia
982 3853 1087 3894 sumas

253 3951 366 4017 Tristis
387 3968 422 4016 et
442 3977 462 4017 a
482 3975 600 4038 magno
622 3975 748 4037 semper
768 3955 910 4015 timearis
932 3955 1046 4014 amico.

319 4077 408 4156 Quae
429 4096 518 4138 nuuc
540 4075 691 4138 divitibus
712 4095 788 4156 gens
810 4075 1029 4156 acceptissima
1049 4074 1165 4136 nostris

1137 4265 1144 4316 l
