2642 4850
150 411 198 473 m
219 409 262 473 n.
284 403 370 470 mu.
393 392 623 470 monulus
644 395 836 472 sunnon
859 409 928 471 vu.
993 411 1056 476 au
1126 433 1127 449 ι

35 603 72 660 ex
93 597 184 665 parte
205 573 273 644 iain
296 582 499 644 Britannicus
522 581 692 662 explicuit,
722 584 814 663 eique
834 569 933 642 'tacite
955 579 1057 642 iscen-
1185 635 1190 664 Ι

36 707 113 764 titur
134 705 321 777 Cramerus,
343 703 469 764 reiectis
491 699 645 784 Ruperti,
666 701 855 776 Heinecliii,
877 703 1061 766 Achaintrii

36 825 234 904 aliorumque
256 822 533 903 explicationibus.
1021 815 1025 850 ³
1046 803 1048 810 ¹

115 945 170 1004 Vs.
192 943 339 1024 sequenti
360 941 418 1002 sub
437 943 519 1003 cavi
527 940 653 1028 folles,
683 943 768 1024 quod
797 941 912 1002 itidem
932 939 1060 1000 Britan·

35 1067 340 1154 nicus,¹praeeuute
362 1062 542 1136 scholiasta,
564 1076 651 1123 recte
677 1063 767 1136 vidit,
790 1076 829 1122 os*
844 1053 959 1142 ipsum,
981 1059 1059 1118 buc-

36 1207 99 1260 cae,
121 1205 190 1246 non
211 1173 381 1265 pulmonds
402 1182 606 1264 intelligendi
627 1195 716 1243 sunt:
740 1184 794 1244 cui
816 1181 946 1263 quidem
961 1182 1059 1240 inter·
1124 1231 1126 1235 Α
1203 1203 1207 1208 ·

34 1280 209 1386 pratalioni
229 1301 362 1364 inservit
382 1281 586 1384 potissimum
607 1299 671 1362 Sat.
693 1301 749 1374 XI,
772 1321 814 1362 vs.
839 1303 890 1365 84.
913 1301 966 1362 dic
985 1299 1058 1370 tibi,

36 1428 90 1507 qui
104 1425 168 1497 sis,
194 1423 318 1488 Ονιιῑοπ
339 1422 533 1494 vehemens,
551 1441 596 1481 an
613 1421 748 1488 Cctrtius
762 1442 806 1481 an
826 1419 961 1494 Matho,
985 1419 1061 1480 buc-

37 1565 102 1606 cae.
147 1543 240 1615 Idem
262 1544 361 1614 etiam
380 1539 404 1602 1.
427 1539 545 1603 Metth.
569 1537 727 1601 Gesnerus
751 1541 888 1602 affirmat
910 1541 945 1600 in
966 1539 1059 1599 lexic.

35 1665 82 1726 his
106 1647 230 1726 verbis:
264 1661 370 1722 Folles
391 1681 449 1742 per
471 1660 697 1742 metaphoram
720 1662 938 1743 appellatore
961 1661 1060 1720 causi·
1088 1705 1090 1725 ,

36 1783 198 1855 dicorum,
228 1783 284 1862 qui
311 1781 395 1842 lucri
417 1781 594 1863 cupiditate
622 1780 714 1842 falsas
744 1795 844 1862 agunt
873 1798 997 1856 causas,
1025 1781 1061 1840 in

36 1903 152 1984 quibua
173 1901 347 1964 effundunt
366 1921 498 1984 magnas
521 1901 599 1962 offas
620 1902 875 1964 mendaciorum.

274 2107 535 2170 SATIRA
578 2109 823 2185 vt1,2vs.124.
869 2146 872 2152 =

74 2261 219 2324 Aemilio
242 2261 388 2338 dabitur,
413 2276 570 2346 quantum
591 2275 697 2346 petet,
719 2277 752 2324 ec
773 2263 889 2325 melius
910 2283 969 2327 nos

76 2383 228 2465 Egimuc:

35 2505 90 2567 Sic
126 2503 336 2565 scribendum
374 2507 504 2576 censeo,
542 2522 624 2576 non,
662 2501 748 2583 quod
780 2501 954 2585 Rupertus'
976 2503 1063 2570 recess

34 2629 86 2708 pit
116 2621 390 2706 quantumlibet,
420 2643 500 2704 quae
528 2643 604 2684 sane
634 2637 667 2684 et
695 2641 876 2706 paucorum
905 2627 1064 2708 libroruin

34 2746 279 2826 scriptumest,
307 2753 340 2803 et
362 2724 457 2804 alieri
483 2744 516 2803 vi
536 2745 759 2825 postponenda
776 2745 912 2806 videtur.
955 2745 1066 2810 Potest

35 2861 172 2946 quidem
191 2833 278 2923 illud
296 2848 453 2945 quantum
467 2863 544 2922 licet
562 2861 708 2937 defendi,
736 2863 763 2924 si
785 2861 998 2930 Claudianum
1020 2873 1071 2932 le·

37 3005 116 3067 gem
137 2985 174 3044 in
196 2983 353 3044 auxilium
375 2999 542 3043 vocamus:
565 3001 604 3041 ex
622 3001 659 3041 ea
673 2983 761 3042 enim
773 2983 832 3044 sub
846 2985 950 3047 verbis
965 3011 1066 3070 quan-

37 3120 112 3168 tum
135 3103 231 3178 licet,
253 3115 383 3165 auctore
405 3101 507 3170 Tacit.
530 3101 646 3162 Annal.
669 3099 727 3163 lib.
740 3101 810 3178 ‘XI,
840 3121 907 3185 cap.
930 3109 964 3169 7.
984 3109 1067 3172 dena

38 3221 200 3296 sestertia,
221 3223 243 3282 i.
266 3243 284 3282 e
307 3237 439 3284 centum
462 3222 552 3308 aurei
566 3219 769 3301 intelligendi
785 3236 868 3296 sunt,
891 3243 968 3305 quos
988 3227 1066 3290 Sue-

36 3357 111 3408 ton.
133 3343 210 3403 Ner.
226 3339 340 3402 Claud.
362 3343 418 3406 vit.
442 3315 512 3424 cap.
532 3345 583 3405 17.
606 3355 729 3402 certam
750 3341 957 3423 litigatorum
972 3363 1006 3409 et
1019 3327 1068 3410 iu-

37 3477 128 3524 stam
145 3461 341 3535 mercedem,
364 3474 397 3521 et
419 3463 474 3542 qui
494 3463 698 3544 potissimum
720 3461 775 3522 hic
797 3461 976 3527 afferendus
990 3483 1068 3545 erat,
1109 3519 1111 3524 .

38 3583 202 3666 Ulpianus
213 3581 334 3662 Digest.
356 3577 413 3640 lib.
429 3580 518 3655 XIII,
542 3599 611 3664 cap.
638 3581 835 3664 iibiisitam
849 3587 1070 3664 quantitatem
1171 3617 1175 3626 =

40 3703 198 3785 appellat.
248 3695 330 3764 Vide
363 3697 505 3762 Samuel.
542 3701 656 3762 Petisc.
692 3703 733 3762 ad
766 3671 896 3764 Sueten.
931 3703 952 3764 l.
984 3705 1006 3766 l.
1036 3720 1071 3768 et

38 3823 225 3882 Brummer.
235 3820 275 3880 ad
290 3821 398 3902 Iegem
405 3816 553 3880 Cinciam
565 3839 634 3902 cap.
650 3820 680 3882 4.
702 3817 836 3880 Accedit
850 3823 958 3896 otiam,
975 3825 1069 3905 quod,

41 3941 125 4002 dum
142 3953 240 4023 poeta
254 3940 401 4022 pauperis
414 3953 446 3999 et
460 3939 565 4000 divitis
582 3937 734 4000 causidici
750 3937 970 4002 conditionem
982 3961 1069 4002 com-

41 4074 147 4144 parat,
169 4073 324 4142 quatenus
345 4059 440 4121 illea
462 4057 617 4119 clientum
631 4057 732 4138 gratia
744 4057 892 4138 pendeat,
915 4075 947 4122 et
963 4076 1068 4123 unum
