2706 4860
368 403 733 490 sartaa‘vt
787 439 791 446 ·
1025 421 1087 502 itt

45 597 109 675 Qui
122 615 217 678 grege
232 595 370 676 linigero
380 595 603 673 [circumdatus
618 609 651 658 et
664 612 759 678 grege
773 597 863 686 calvo
905 615 935 646 v
1002 661 1005 672 Ι
1040 621 1058 667 p

42 717 229 798 l'laagentis
242 717 356 798 populi
371 717 603 804 curritderisor
618 717 751 780 Anubis.

45 955 229 1016 Concubitu
244 957 339 1016 sacris
351 955 618 1042 observandisque
640 955 769 1030 diebus,

43 1075 226 1156 Magnaque
243 1074 379 1134 debetur
393 1075 513 1140 violato
533 1095 639 1156 poena
654 1077 802 1140 cadurca.

1018 770 1020 782 ι
1047 741 1058 792 )

43 837 99 898 llle
117 839 203 918 petit
220 837 367 910 veniam,
391 837 514 918 quoties
527 857 595 898 non
614 835 881 906 obstinatorum·
1011 833 1075 903 506

1046 1095 1059 1154 ἱ

1046 1227 1057 1272 t

44 1195 81 1253 Et
98 1175 236 1256 movisse
251 1207 349 1274 caput
366 1195 429 1256 vita
444 1207 491 1254 est
513 1207 664 1275 argentea
680 1213 824 1278 serpens:

44 1315 131 1374 lllius
146 1315 301 1374 lacrimae
316 1313 534 1394 meditataque
552 1333 721 1378 murmura
738 1329 919 1396 praestant,

45 1434 231 1492 Utveniam
247 1433 363 1514 culpae
374 1453 443 1494 non
459 1433 597 1508 abnuat,
620 1431 740 1496 ansere'
751 1455 869 1516 magno
1011 1433 1076 1512 64)

48 1549 216 1618 Scilicetet
235 1554 328 1614 tenui
342 1571 471 1632 popano
486 1565 654 1635 corruptus
670 1555 779 1621 Osiris.
959 1603 962 1613 ‚
996 1575 1001 1584 ·
1038 1573 1056 1620 ἰ

48 1673 151 1752 Quum
168 1672 258 1732 dedit
272 1673 330 1734 ille
343 1673 474 1734 locum:
502 1674 642 1755 cophino
658 1675 816 1756 faenoque
831 1677 945 1741 relicto
1048 1693 1058 1750 ’ζ

45 1793 203 1852 Arcenam
215 1791 337 1858 iudaea
355 1806 497 1854 tremens
509 1761 674 1854 mendicat
694 1796 729 1856 in
752 1813 881 1868 aurem,

46 1913 201 1992 Interpres
216 1904 327 1993 legum
340 1911 548 1993 Solymarum
561 1925 595 1972 et
613 1897 732 1994 magna
749 1915 895 1978 sacerdot
977 1977 980 1984 ,

46 2034 171 2094 ¹lrhoris
187 2053 226 2094 ac
244 2034 364 2094 suntmi
377 2031 444 2092 fida
456 2032 657 2092 internuntia
675 2035 767 2096 coeti.
819 2105 821 2120 Ι

45 2151 159 2232 Implet
174 2164 208 2211 et
222 2152 280 2212 illa
293 2171 444 2224 manum,
466 2151 522 2210 scd
539 2153 680 2231 parcius:
703 2173 776 2212 aere
788 2155 918 2217 minuto
1047 2171 1057 2185 ff
1155 2217 1158 2228 ‚

47 2274 289 2352 Qualiacunque
310 2271 394 2332 voles
408 2269 519 2332 Iudaei
540 2272 665 2330 somnia
681 2273 835 2335 vendunt.

47 2393 185 2472 Spondet
203 2402 382 2452 amatorem
394 2371 546 2453 tenerum
567 2390 619 2450 vel
632 2389 737 2452 divitis
756 2389 830 2452 orbi·

47 2511 288 2572 Testamentum
305 2511 435 2590 ingens,
459 2509 581 2570 calidae
595 2511 755 2591 pulmone
775 2509 945 2572 columbae
1052 2575 1055 2584 ,

47 2631 211 2704 Tractato,
234 2631 408 2691 Armenius
419 2631 483 2690 ·vel
497 2630 734 2712 Commagenus
751 2595 924 2712 haruspex:
1009 2622 1073 2698 550

47 2751 175 2813 Pectora
189 2752 357 2833 pullorum
372 2750 562 2823 rimabitur,
586 2763 659 2811 exta
676 2753 802 2826 catelli,
850 2791 858 2800 ἰ

48 2871 210 2934 Interdum
225 2884 259 2932 et
273 2871 383 2951 pueri:
405 2869 518 2942 saciet,
542 2871 628 2952 quod
642 2871 765 2932 deferat
782 2874 859 2952 ipso.
908 2923 911 2932 ,

104 2993 276 3052 Chaldaeis
291 2991 346 3050 sed
358 2991 463 3052 maior
476 2991 537 3052 erit
553 2991 686 3052 fiducia:
711 2992 866 3070 quidquid

48 3109 167 3172 Dixerit
182 3111 374 3191 astrologus,
398 3109 531 3170 credent
548 3131 567 3170 a
586 3109 675 3170 sonte
696 3109 842 3200 relatum¹

16 3201 251 3304 hammonis,
274 3231 428 3310 quoniam
441 3229 576 3312 Delphis
594 3228 724 3313 oracula
740 3239 864 3288 cessam
1004 3222 1070 3298 666
1123 3245 1129 3255 ’

47 3347 83 3409 Et
96 3372 196 3433 genus
218 3349 401 3410 humanum
416 3350 554 3410 damnat.
564 3349 666 3429 caligo
683 3347 794 3408 futuri.

42 3467 236 3559 'lhaecipuus
250 3481 361 3528 tamen
382 3469 576 3540 cothorum,
599 3469 655 3548 qui
670 3470 794 3548 saepius
808 3467 913 3540 exsul.

50 3588 139 3650 Cuius
155 3589 300 3650 amicitia
317 3584 588 3668 ¹conducendaque
606 3588 728 3648 tabella

49 3706 177 3790 Magnus
197 3709 275 3768 civis
288 3707 357 3770 obit
375 3721 408 3768 et
421 3707 610 3768 formidatus
626 3707 759 3770 Othoni.

48 3824 120 3888 Inde
135 3827 214 3890 fides
229 3829 322 3903 artis,
345 3829 452 3891 sonuit
466 3830 493 3890 si
511 3829 641 3888 dextera
654 3827 741 3887 ferro
1002 3823 1071 3898 660,

49 3945 223 4030 Laevaque‚
246 3950 273 4010 si
286 3949 385 4028 longo
401 3960 577 4024 castrorum
591 3948 627 4008 in
641 3963 769 4008 carcere
784 3945 911 4016 mansit

54 4065 149 4132 Nemo
163 4038 412 4132 mathematicus
427 4068 559 4148 genium
570 4065 777 4155 iadenmatus
790 4043 940 4128 habebis}
987 4123 993 4130 .
