2706 4860
387 433 763 510 saaraim.
1009 382 1093 542 ,ir

70 603 136 668 Non
148 619 193 670 est
206 607 356 690 Romano
372 614 522 695 cuiquam
538 615 627 676 loeus
640 616 716 691 hic,
737 617 796 680 ubi
814 587 937 701 regnat.

68 729 256 811 Protogenes
276 731 400 812 aliquis,
421 734 472 794 vel
499 733 661 817 Diphilus,
681 733 981 820 autumaretur,
1025 743 1088 812 120

67 850 125 930 Qui
142 852 246 932 gentis
266 851 346 912 vitio
361 869 529 936 nunquam
544 859 688 937 partitur
707 860 887 933 amicum‚·

64 967 148 1028 Solus
166 970 276 1035 habet.
320 971 405 1032 Nam
418 987 519 1053 quum
535 975 668 1038 facilem
683 979 816 1040 stillavit
830 981 866 1040 in
884 997 998 1042 aurem

64 1085 215 1169 Exiguum
237 1090 278 1150 de
299 1105 434 1154 naturae
455 1097 643 1178 patriaeque
664 1116 805 1172 veneno,
883 1115 887 1126 ¹

63 1207 182 1270 limine
203 1229 422 1274 summoveor:
444 1217 611 1296 perierunt
631 1221 779 1299 tem'pora
801 1219 892 1300 longi
916 1235 920 1242 ·

63 1327 195 1394 servitii:
215 1349 377 1414 nusquam
397 1335 567 1396 minoren
582 1337 707 1398 iactura
725 1339 861 1402 clientis·
1018 1339 1081 1408 125

65 1452 149 1532 Quod
169 1471 268 1534 porro
290 1453 452 1531 alliciam,
474 1473 517 1516 ne
538 1457 631 1519 nobis
652 1458 821 1534 blandiar,
843 1471 900 1520 aut
921 1459 1009 1542 quod

66 1573 205 1655 Pauperis
222 1575 278 1636 hic
300 1577 471 1650 meritum,
492 1573 519 1638 si
546 1591 637 1638 curet
657 1593 754 1640 nocte
774 1572 901 1662 togatus
930 1595 942 1612 ·“

66 1693 205 1769 Currere,
238 1711 340 1776 quum
360 1709 490 1778 praetor
511 1697 661 1758 lictorem
681 1700 831 1781 impellat
857 1713 892 1761 et
912 1700 961 1778 ite

61 1811 265 1895 Praecipitem
285 1814 415 1890 iubeat,
445 1813 569 1876 dudum
590 1817 799 1898 vigilantibus
818 1815 942 1897 orbis,

59 1932 102 1994 Ne
120 1938 208 2016 prior
226 1934 384 1996 Albinam
406 1947 438 1994 et
458 1935 607 1997 Modiam
636 1939 761 2021 collega
782 1939 920 2002 salutet?
1009 1943 1073 2010 180

59 2055 167 2116 Divitis
188 2057 244 2117 hic
265 2057 349 2116 servi
370 2055 493 2116 claudit
514 2057 597 2117 latus
618 2057 836 2140 ingenuorum

59 2175 163 2236 Pilius:
186 2177 270 2236 alter
291 2176 396 2250 enim,
419 2189 577 2256 quantum
598 2179 635 2239 in
655 2179 783 2260 legione
799 2180 925 2245 tribuni
1060 2261 1061 2268 ἵ

57 2297 235 2378 Accipiunt,
260 2295 359 2356 donat
380 2293 551 2372 Calvinae,
574 2299 625 2358 vel
648 2299 816 2375 Catienae,
1008 2269 1018 2340 i

56 2413 97 2476 Ut
114 2419 213 2478 semel
234 2429 331 2496 atque
352 2415 474 2477 iterum
494 2431 589 2498 super
609 2419 702 2478 illam
722 2416 873 2500 palpitet:
895 2433 927 2481 at
948 2433 1004 2498 tu,
1029 2453 1032 2465 ·

54 2534 157 2618 Quum
176 2537 239 2598 tibi
261 2536 368 2597 vestiti
389 2535 486 2596 facies
508 2535 606 2598 morti
626 2537 749 2619 placet,
777 2539 888 2602 haeres
1006 2543 1070 2612 135

51 2655 91 2716 Et
110 2657 235 2718 dubitas
256 2657 322 2718 alta
344 2655 493 2724 Chionen
515 2659 674 2720 deducere
693 2659 784 2722 sella.
906 2673 908 2680 '

52 2777 100 2837 Da
117 2789 233 2837 testem
249 2773 375 2840 Romae
396 2792 465 2870 tam
486 2795 651 2856 sanctum,
674 2797 771 2864 quam
792 2759 988 2866 ilrit'hospes

52 2897 193 2960 Numinis
215 2898 319 2960 Idaei:
347 2899 501 2980 procedat
522 2902 576 2960 vel
596 2901 718 2978 Numa,
739 2903 792 2964 vel
813 2905 869 2983 qui

51 3016 186 3082 Servavit
205 3019 368 3100 trepidam
389 3019 539 3102 flagranti
561 3039 601 3081 ex
628 3017 705 3082 aede
727 3023 930 3085 Minervame

51 3137 193 3202 Protinus
217 3141 259 3200 ad
282 3155 428 3214 censum,
451 3142 491 3202 de
512 3141 653 3204 moribus
675 3143 792 3202 ultima
813 3139 872 3204 siet
1003 3145 1067 3214 140

52 3257 215 3338 QuaestiOt
239 3273 317 3341 quot
338 3263 439 3341 pascit
460 3263 587 3322 servos?
606 3273 684 3341 quot
705 3259 844 3340 possidet
866 3249 935 3342 agri

51 3376 175 3461 Iugera?
204 3381 432 3462 quammulta
448 3397 625 3464 magnaque
647 3381 817 3462 paropside
840 3382 978 3462 coenat?

51 3497 211 3578 Quantum
234 3504 366 3583 quisque
388 3519 444 3564 sua
459 3515 668 3564 nummorum
682 3511 786 3562 servat
806 3503 842 3562 in
865 3517 956 3577 arca,

50 3615 184 3682 Tantum
205 3620 305 3683 habet
326 3637 360 3682 et
380 3624 465 3688 fidei.
509 3615 596 3684 Iures
617 3615 695 3682 licet
717 3637 749 3682 et
770 3621 1020 3685 Samothracum
1091 3657 1097 3670 ι

49 3735 84 3798 Et
104 3758 289 3804 nostrorum
310 3759 391 3804 aras:
415 3755 620 3826 contemnere
641 3743 780 3802 fulmina
801 3757 925 3823 pauper
1000 3741 1063 3812 145

50 3857 191 3923 Creditur
212 3878 308 3944 atque
328 3862 435 3938 Deos,
462 3865 520 3926 Dis
544 3863 779 3946 ignoscentibus
800 3863 885 3942 ipsis.

50 3976 142 4058 Quid,
167 3985 251 4062 quod
272 3985 443 4043 materiam
465 3985 596 4064 praebet
620 3997 788 4062 causasque
812 3983 960 4044 iocorum

48 4095 195 4164 Omnibus
218 4104 272 4163 hic
293 4105 398 4176 idem,
421 4105 447 4164 si
469 4104 563 4166 foeda
584 4119 616 4164 et
638 4103 730 4165 scissa
752 4103 895 4177 lacerna,

833 4223 855 4284 2
971 4234 973 4239 s
