2648 4858
144 513 148 517 ,
223 403 234 418 ”
278 439 380 500 no-
494 384 1025 538 ''onunruvnnatts

276 608 394 690 Ignara
417 622 449 668 et
470 577 596 690 partem
617 611 702 670 vitae
717 623 791 668 (non
814 609 919 688 attigit
940 565 1053 673 ullam.

342 727 463 810 Sponte
483 742 595 790 tamen
616 729 748 789 iuvenes
768 729 938 806 imitantur
960 720 1081 790 cetera:
1104 729 1205 790 solam
1248 717 1258 772 ἶ

278 849 377 910 Inviti
401 867 525 928 quoque
548 842 716 910 avaritiam
738 862 885 907 exercere
906 823 1082 909 iubentur:
1128 899 1136 912 ,

277 969 376 1029 Fallit
397 969 486 1028 enim
507 968 624 1027 vitium
644 968 750 1048 specie
770 968 897 1028 virtutis
919 981 952 1027 et
971 967 1105 1040 umbra,

246 1073 249 1078 ’
272 1089 404 1169 Quum„
413 1088 453 1146 sit
472 1089 563 1148 triste
584 1087 699 1147 habitu
714 1087 870 1168 vultuque
887 1054 1017 1147 etveste
1030 1103 1193 1148 severumt
1235 1083 1280 1148 tlt
1313 1104 1314 1140 1

208 1216 230 1267 a*
278 1187 469 1270 Necdubie¹
486 1219 654 1287 tamquam
675 1206 760 1288 frugi
781 1207 932 1268 laudatur
949 1225 1085 1300 avarus,

69 1388 71 1398 ,
160 1314 162 1318 ’
245 1346 247 1356 Ν
279 1315 460 1405 Tamquam
482 1343 596 1408 parcus
617 1327 722 1387 homo.
739 1339 773 1386 et
793 1298 903 1386 rerum
923 1327 1027 1386 tutela
1048 1343 1181 1385 suarum

282 1447 378 1508 Certa
399 1447 520 1526 magis,
544 1467 641 1527 quarn
662 1448 689 1506 si
709 1446 854 1508 fortunas
874 1459 978 1506 servet
1001 1444 1152 1505 easdem·
1232 1461 1236 1472 ·

279 1566 496 1647 Hesperidum
518 1585 646 1646 serpens
668 1579 724 1626 aut
744 1566 906 1628 Ponticus.
935 1565 1026 1626 Adde
1042 1565 1128 1645 quod
1141 1559 1281 1636 nunqu
1313 1587 1314 1622 t

266 1741 269 1744 .
282 1685 355 1764 Quo
362 1684 485 1764 loquor,
498 1654 662 1766 egregium
669 1687 807 1766 populus
814 1699 907 1766 putat
914 1697 1008 1765 atque
1020 1679 1199 1770 verendum
1240 1676 1283 1745 115

280 1777 465 1886 Artificemz
488 1806 605 1884 quippe
627 1803 676 1864 his
699 1807 1061 1886 crescunt‘patrimonia
1082 1804 1192 1866 fabris.

273 1925 344 2008 ‚Sea
367 1937 513 1984 crescunt
536 1904 726 2004 quocunque
747 1899 863 2000 modo,
885 1927 1071 2006 maioraque
1092 1923 1178 1984 fiunt

281 2045 403 2104 Incude
426 2014 548 2104 aasidua
570 2039 758 2124 semperque
782 2047 914 2106 ardente
937 2045 1075 2107 camino.

280 2165 322 2226 Et
343 2179 435 2246 pater
459 2184 534 2246 ergo
557 2165 658 2253 animi
679 2163 788 2224 felices
811 2165 1061 2239 creditarum,

282 2285 348 2366 Qui
369 2287 506 2346 miratur
528 2303 618 2366 opes,
641 2286 695 2365 qui
718 2283 810 2346 nulla
831 2287 979 2368 exempla
999 2285 1088 2345 beati
1240 2281 1286 2346 nt
1312 2311 1314 2346 1

284 2380 436 2486 Pauperis
459 2425 524 2466 esse
546 2411 652 2486 putat:
674 2405 805 2464 iuvenes
826 2403 993 2478 hortatur,
1014 2417 1051 2464 ut
1071 2405 1167 2466 illam

283 2525 334 2584 Ire
358 2527 445 2586 viam
467 2539 607 2607 pergant
625 2539 657 2585 et
678 2492 785 2586 eidem
806 2499 995 2586 incumbere
1017 2537 1131 2586 sectae.

258 2643 366 2704 ‘Sunt
388 2645 545 2724 quaedam
567 2647 721 2706 vitiorum
743 2645 917 2706 elementa:
940 2644 989 2704 his
1010 2621 1156 2726 protinus
1177 2645 1247 2708 flios
1313 2672 1314 2707 t

283 2757 406 2842 Imbirit
428 2778 460 2824 et
482 2768 567 2844 cogit
589 2765 739 2824 minimas
761 2763 901 2826 ediscere
922 2763 1043 2836 sordes:

265 2868 365 2942 Mox
387 2885 574 2965 acquirendi
597 2867 691 2944 docet
712 2883 894 2946 insatiabile
916 2897 1037 2945 votum.
1110 2864 1116 2938 ἶ
1241 2878 1288 2948 125
1313 2911 1314 2945 ;

279 3002 456 3077 ¹Servorum
477 3018 604 3065 ventres
625 2979 734 3064 modio
753 3008 900 3089 castigat·
911 3007 1039 3086 iniquo,
1060 3025 1064 3030 ·
1307 2969 1311 2985 ι

252 3159 254 3165 ·
283 3121 355 3204 Ipse
365 3145 490 3208 quoque
500 3127 653 3188 esuriens:
675 3145 779 3207 neque
794 3127 883 3186 enim
892 3128 1000 3186 omnia
1011 3126 1289 3206 sustinetumquam
1312 3127 1314 3186 i

285 3243 418 3310 Mucida
441 3246 580 3318 caerulei
602 3249 698 3330 panis
722 3265 909 3306 consumere
932 3244 1047 3320 frusto,
1168 3233 1171 3240 ’
1308 3226 1312 3238 ’

284 3361 482 3457 Hesternum
503 3366 613 3426 solitus
634 3347 743 3428 medio
765 3349 890 3426 servare
912 3365 1053 3428 minutal
1087 3385 1094 3396 ·‘
1198 3401 1201 3404 ·

284 3479 481 3562 Septembri,
503 3505 564 3544 nec
586 3505 653 3564 non
670 3485 800 3545 differre
822 3487 858 3545 in
878 3495 1026 3566 tempora
1049 3504 1169 3547 coenae
1231 3481 1289 3546 '1⁵0

284 3599 423 3662 Alte'rius
447 3605 605 3664 conchem
627 3607 780 3666 aestivam
802 3623 878 3664 cum
898 3618 989 3686 parte
1011 3607 1127 3668 lacerti

283 3719 448 3802 Signatum
472 3710 683 3784 vel¹dimidio
706 3693 856 3805 putrique
877 3725 993 3800 siluro,
1028 3725 1031 3730 ’

283 3841 416 3922 Filaque
438 3845 549 3905 sectivi
570 3858 740 3912 numerata
760 3845 928 3907 includere
950 3846 1048 3936 porri.

283 3961 439 4024 Invitatus
463 3965 605 4025 adhaec
628 3965 743 4046 aliquis
767 3963 807 4026 de
828 3979 928 4047 ponte
950 3963 1091 4046 negabit.

282 4081 345 4144 Sed
368 4103 429 4164 quo
453 4085 578 4149 divitias
601 4085 681 4144 haec
704 4105 763 4166 per
783 4099 946 4147 tormenta
969 4097 1114 4159 coactas,
1243 4071 1289 4146 135
