<?xml version="1.0" encoding="UTF-8"?>
<!DOCTYPE html PUBLIC "-//W3C//DTD XHTML 1.0 Transitional//EN"
    "http://www.w3.org/TR/xhtml1/DTD/xhtml1-transitional.dtd">
<html xmlns="http://www.w3.org/1999/xhtml" xml:lang="en" lang="en">
 <head>
  <title>
</title>
<meta http-equiv="Content-Type" content="text/html;charset=utf-8" />
  <meta name='ocr-system' content='tesseract 3.04.00' />
  <meta name='ocr-capabilities' content='ocr_page ocr_carea ocr_par ocr_line ocrx_word'/>
</head>
<body>
  <div class='ocr_page' id='page_1' title='image "./satiraexvi00juvgoog_0389.png"; bbox 0 0 2676 4860; ppageno 0'>
   <div class='ocr_carea' id='block_1_1' title="bbox 250 342 1183 488">
    <p class='ocr_par' dir='ltr' id='par_1_1' title="bbox 250 342 1183 488">
     <span class='ocr_line' id='line_1_1' title="bbox 250 342 1183 488; baseline -0.011 -28"><span class='ocrx_word' id='word_1_1' title='bbox 250 389 331 460; x_wconf 76' lang='lat' dir='ltr'>ars·</span> <span class='ocrx_word' id='word_1_2' title='bbox 432 394 436 400; x_wconf 86' lang='lat'>·</span> <span class='ocrx_word' id='word_1_3' title='bbox 492 342 972 488; x_wconf 42' lang='lat' dir='ltr'>,raudorrmouns</span> <span class='ocrx_word' id='word_1_4' title='bbox 1008 403 1026 468; x_wconf 77' lang='grc' dir='ltr'><em>γ</em></span> <span class='ocrx_word' id='word_1_5' title='bbox 1072 362 1093 442; x_wconf 62' lang='grc'>,1</span> <span class='ocrx_word' id='word_1_6' title='bbox 1155 363 1183 442; x_wconf 69' lang='grc' dir='ltr'>ε’</span> 
     </span>
    </p>
   </div>
   <div class='ocr_carea' id='block_1_2' title="bbox 206 550 1272 1244">
    <p class='ocr_par' dir='ltr' id='par_1_2' title="bbox 206 550 1272 1244">
     <span class='ocr_line' id='line_1_2' title="bbox 231 550 1269 650; baseline -0.001 -21"><span class='ocrx_word' id='word_1_7' title='bbox 231 550 342 628; x_wconf 49' lang='lat' dir='ltr'>¹anim</span> <span class='ocrx_word' id='word_1_8' title='bbox 364 576 567 640; x_wconf 74' lang='lat' dir='ltr'>narraturus,</span> <span class='ocrx_word' id='word_1_9' title='bbox 598 583 680 646; x_wconf 85' lang='lat' dir='ltr'>quae</span> <span class='ocrx_word' id='word_1_10' title='bbox 700 584 744 626; x_wconf 82' lang='lat' dir='ltr'>vs.</span> <span class='ocrx_word' id='word_1_11' title='bbox 768 557 1043 649; x_wconf 73' lang='lat' dir='ltr'>ut&#39;pmnnserat,</span> <span class='ocrx_word' id='word_1_12' title='bbox 1080 563 1269 650; x_wconf 81' lang='lat' dir='ltr'>egredit&#39;t&#39;ua</span> 
     </span>
     <span class='ocr_line' id='line_1_3' title="bbox 250 654 1271 769; baseline -0.004 -19"><span class='ocrx_word' id='word_1_13' title='bbox 250 654 476 769; x_wconf 53' lang='grc' dir='ltr'>111111111111111ι</span> <span class='ocrx_word' id='word_1_14' title='bbox 489 697 521 744; x_wconf 93' lang='lat' dir='ltr'>et</span> <span class='ocrx_word' id='word_1_15' title='bbox 544 685 693 749; x_wconf 90' lang='lat' dir='ltr'>omnibus</span> <span class='ocrx_word' id='word_1_16' title='bbox 714 686 900 761; x_wconf 88' lang='lat' dir='ltr'>notissima,</span> <span class='ocrx_word' id='word_1_17' title='bbox 934 705 954 748; x_wconf 87' lang='lat' dir='ltr'>a</span> <span class='ocrx_word' id='word_1_18' title='bbox 974 677 1091 748; x_wconf 85' lang='lat' dir='ltr'>mutua</span> <span class='ocrx_word' id='word_1_19' title='bbox 1111 687 1271 769; x_wconf 78' lang='lat' dir='ltr'>Aegyptio-</span> 
     </span>
     <span class='ocr_line' id='line_1_4' title="bbox 252 798 1268 888; baseline -0.002 -20"><span class='ocrx_word' id='word_1_20' title='bbox 252 825 328 868; x_wconf 85' lang='lat' dir='ltr'>rum</span> <span class='ocrx_word' id='word_1_21' title='bbox 345 798 527 886; x_wconf 77' lang='lat' dir='ltr'>antiquitus</span> <span class='ocrx_word' id='word_1_22' title='bbox 547 804 727 879; x_wconf 81' lang='lat' dir='ltr'><strong>simultate,</strong></span> <span class='ocrx_word' id='word_1_23' title='bbox 749 809 826 886; x_wconf 85' lang='lat' dir='ltr'>·q&#39;ua</span> <span class='ocrx_word' id='word_1_24' title='bbox 856 803 1043 866; x_wconf 73' lang='lat' dir='ltr'>auditorum</span> <span class='ocrx_word' id='word_1_25' title='bbox 1071 809 1187 882; x_wconf 86' lang='lat' dir='ltr'>animi,</span> <span class='ocrx_word' id='word_1_26' title='bbox 1214 827 1268 888; x_wconf 90' lang='lat' dir='ltr'>quo</span> 
     </span>
     <span class='ocr_line' id='line_1_5' title="bbox 206 925 1270 1016; baseline -0.003 -28"><span class='ocrx_word' id='word_1_27' title='bbox 206 925 394 1016; x_wconf 52' lang='lat' dir='ltr'>jnarratto</span> <span class='ocrx_word' id='word_1_28' title='bbox 424 925 602 1006; x_wconf 80' lang='lat' dir='ltr'>pertineat,</span> <span class='ocrx_word' id='word_1_29' title='bbox 631 939 864 1006; x_wconf 71' lang='lat' dir='ltr'>praeparentur</span> <span class='ocrx_word' id='word_1_30' title='bbox 893 927 1153 1006; x_wconf 85' lang='lat' dir='ltr'>quodammodo,</span> <span class='ocrx_word' id='word_1_31' title='bbox 1177 945 1270 1008; x_wconf 77' lang='lat' dir='ltr'>eaque</span> 
     </span>
     <span class='ocr_line' id='line_1_6' title="bbox 252 1038 1272 1130; baseline -0.004 -21"><span class='ocrx_word' id='word_1_32' title='bbox 252 1048 355 1130; x_wconf 79' lang='lat' dir='ltr'>posita</span> <span class='ocrx_word' id='word_1_33' title='bbox 367 1091 381 1120; x_wconf 86' lang='lat'>,.</span> <span class='ocrx_word' id='word_1_34' title='bbox 397 1043 523 1125; x_wconf 82' lang='lat' dir='ltr'>reliqna</span> <span class='ocrx_word' id='word_1_35' title='bbox 545 1045 706 1119; x_wconf 81' lang='lat' dir='ltr'>adnectit,</span> <span class='ocrx_word' id='word_1_36' title='bbox 735 1045 780 1105; x_wconf 74' lang='lat' dir='ltr'>et‘</span> <span class='ocrx_word' id='word_1_37' title='bbox 791 1045 964 1106; x_wconf 81' lang='lat' dir='ltr'>facillimus</span> <span class='ocrx_word' id='word_1_38' title='bbox 986 1038 1062 1106; x_wconf 84' lang='lat' dir='ltr'>inde</span> <span class='ocrx_word' id='word_1_39' title='bbox 1080 1049 1215 1107; x_wconf 79' lang='lat' dir='ltr'>adrem</span> <span class='ocrx_word' id='word_1_40' title='bbox 1232 1047 1272 1126; x_wconf 84' lang='lat' dir='ltr'>ip-</span> 
     </span>
     <span class='ocr_line' id='line_1_7' title="bbox 252 1162 1272 1244; baseline -0.002 -16"><span class='ocrx_word' id='word_1_41' title='bbox 252 1187 323 1230; x_wconf 85' lang='lat' dir='ltr'>sam</span> <span class='ocrx_word' id='word_1_42' title='bbox 352 1166 505 1244; x_wconf 84' lang='lat' dir='ltr'>transitus</span> <span class='ocrx_word' id='word_1_43' title='bbox 536 1177 593 1224; x_wconf 88' lang='lat' dir='ltr'>est.</span> <span class='ocrx_word' id='word_1_44' title='bbox 636 1162 740 1224; x_wconf 80' lang='lat' dir='ltr'>Affert</span> <span class='ocrx_word' id='word_1_45' title='bbox 769 1163 884 1224; x_wconf 87' lang='lat' dir='ltr'>deinde</span> <span class='ocrx_word' id='word_1_46' title='bbox 916 1164 994 1228; x_wconf 82' lang='lat' dir='ltr'>duas</span> <span class='ocrx_word' id='word_1_47' title='bbox 1022 1165 1134 1242; x_wconf 83' lang='lat' dir='ltr'>nrbes,</span> <span class='ocrx_word' id='word_1_48' title='bbox 1162 1167 1272 1228; x_wconf 82' lang='lat' dir='ltr'><strong>Ombos</strong></span> 
     </span>
    </p>
   </div>
   <div class='ocr_carea' id='block_1_3' title="bbox 252 1269 1330 1368">
    <p class='ocr_par' dir='ltr' id='par_1_3' title="bbox 252 1269 1330 1368">
     <span class='ocr_line' id='line_1_8' title="bbox 252 1269 1330 1368; baseline 0 -22"><span class='ocrx_word' id='word_1_49' title='bbox 252 1300 286 1346; x_wconf 86' lang='lat' dir='ltr'>et</span> <span class='ocrx_word' id='word_1_50' title='bbox 308 1285 473 1368; x_wconf 65' lang='lat' dir='ltr'>Tentyra,</span> <span class='ocrx_word' id='word_1_51' title='bbox 496 1284 554 1345; x_wconf 94' lang='lat' dir='ltr'>ob</span> <span class='ocrx_word' id='word_1_52' title='bbox 562 1269 666 1344; x_wconf 84' lang='lat' dir='ltr'>cutus</span> <span class='ocrx_word' id='word_1_53' title='bbox 689 1283 906 1344; x_wconf 66' lang='lat' dir='ltr'>diversitatem</span> <span class='ocrx_word' id='word_1_54' title='bbox 927 1272 1330 1362; x_wconf 40' lang='grc' dir='ltr'>1101111111111,11011111·ι</span> 
     </span>
    </p>
   </div>
   <div class='ocr_carea' id='block_1_4' title="bbox 252 1403 1273 1486">
    <p class='ocr_par' dir='ltr' id='par_1_4' title="bbox 252 1403 1273 1486">
     <span class='ocr_line' id='line_1_9' title="bbox 252 1403 1273 1486; baseline 0 -18"><span class='ocrx_word' id='word_1_55' title='bbox 252 1427 331 1469; x_wconf 92' lang='lat' dir='ltr'>men</span> <span class='ocrx_word' id='word_1_56' title='bbox 351 1419 397 1467; x_wconf 85' lang='lat' dir='ltr'>ut</span> <span class='ocrx_word' id='word_1_57' title='bbox 410 1406 550 1478; x_wconf 82' lang='lat' dir='ltr'>vicinas,</span> <span class='ocrx_word' id='word_1_58' title='bbox 582 1403 641 1470; x_wconf 83' lang='lat' dir='ltr'>sed</span> <span class='ocrx_word' id='word_1_59' title='bbox 668 1417 837 1484; x_wconf 79' lang='lat' dir='ltr'>tamquam</span> <span class='ocrx_word' id='word_1_60' title='bbox 858 1407 965 1486; x_wconf 89' lang='lat' dir='ltr'>capita</span> <span class='ocrx_word' id='word_1_61' title='bbox 985 1419 1019 1465; x_wconf 90' lang='lat' dir='ltr'>et</span> <span class='ocrx_word' id='word_1_62' title='bbox 1039 1407 1273 1468; x_wconf 84' lang='lat' dir='ltr'>inimicitiarum</span> 
     </span>
    </p>
   </div>
   <div class='ocr_carea' id='block_1_5' title="bbox 108 1522 1275 1618">
    <p class='ocr_par' dir='ltr' id='par_1_5' title="bbox 108 1522 1275 1618">
     <span class='ocr_line' id='line_1_10' title="bbox 108 1522 1275 1618; baseline -0.004 -28"><span class='ocrx_word' id='word_1_63' title='bbox 108 1546 110 1556; x_wconf 73' lang='grc'>’</span> <span class='ocrx_word' id='word_1_64' title='bbox 162 1565 165 1570; x_wconf 78' lang='lat'>,</span> <span class='ocrx_word' id='word_1_65' title='bbox 252 1528 350 1589; x_wconf 85' lang='lat' dir='ltr'>sedes</span> <span class='ocrx_word' id='word_1_66' title='bbox 394 1526 521 1605; x_wconf 85' lang='lat' dir='ltr'>Nempe</span> <span class='ocrx_word' id='word_1_67' title='bbox 542 1522 668 1584; x_wconf 86' lang='lat' dir='ltr'>urbes</span> <span class='ocrx_word' id='word_1_68' title='bbox 658 1536 738 1618; x_wconf 75' lang='lat' dir='ltr'>istae</span> <span class='ocrx_word' id='word_1_69' title='bbox 760 1525 891 1599; x_wconf 78' lang='lat' dir='ltr'>vicinis,</span> <span class='ocrx_word' id='word_1_70' title='bbox 922 1526 986 1586; x_wconf 86' lang='lat' dir='ltr'>alia</span> <span class='ocrx_word' id='word_1_71' title='bbox 1012 1529 1150 1588; x_wconf 87' lang='lat' dir='ltr'>numina</span> <span class='ocrx_word' id='word_1_72' title='bbox 1179 1527 1275 1588; x_wconf 87' lang='lat' dir='ltr'>col-en</span> 
     </span>
    </p>
   </div>
   <div class='ocr_carea' id='block_1_6' title="bbox 253 1645 1330 1762">
    <p class='ocr_par' dir='ltr' id='par_1_6' title="bbox 253 1645 1330 1762">
     <span class='ocr_line' id='line_1_11' title="bbox 253 1645 1330 1762; baseline -0.002 -52"><span class='ocrx_word' id='word_1_73' title='bbox 253 1649 358 1723; x_wconf 80' lang='lat' dir='ltr'>tibus,</span> <span class='ocrx_word' id='word_1_74' title='bbox 377 1645 603 1708; x_wconf 81' lang='lat' dir='ltr'>infestissimae</span> <span class='ocrx_word' id='word_1_75' title='bbox 626 1656 736 1704; x_wconf 84' lang='lat' dir='ltr'>erant:</span> <span class='ocrx_word' id='word_1_76' title='bbox 764 1661 862 1762; x_wconf 86' lang='lat' dir='ltr'>quam</span> <span class='ocrx_word' id='word_1_77' title='bbox 882 1645 1016 1726; x_wconf 87' lang='lat' dir='ltr'>quidem</span> <span class='ocrx_word' id='word_1_78' title='bbox 1039 1665 1169 1709; x_wconf 85' lang='lat' dir='ltr'>causam</span> <span class='ocrx_word' id='word_1_79' title='bbox 1189 1658 1272 1728; x_wconf 83' lang='lat' dir='ltr'>poeto</span> <span class='ocrx_word' id='word_1_80' title='bbox 1329 1675 1330 1708; x_wconf 74' lang='grc'>1</span> 
     </span>
    </p>
   </div>
   <div class='ocr_carea' id='block_1_7' title="bbox 1123 1786 1240 1954">
    <p class='ocr_par' dir='ltr' id='par_1_7' title="bbox 1123 1709 1330 1954">
     <span class='ocr_line' id='line_1_12' title="bbox 1123 1786 1130 1810; baseline 0 88"><span class='ocrx_word' id='word_1_81' title='bbox 1123 1786 1130 1810; x_wconf 63' lang='grc'>’</span> 
     </span>
     <span class='ocr_line' id='line_1_13' title="bbox 1227 1937 1240 1954; baseline 0 0"><span class='ocrx_word' id='word_1_82' title='bbox 1227 1937 1240 1954; x_wconf 88' lang='grc'><strong>.</strong></span> 
     </span>
    </p>
   </div>
   <div class='ocr_carea' id='block_1_8' title="bbox 197 1761 1278 2570">
    <p class='ocr_par' dir='ltr' id='par_1_8' title="bbox 197 1761 1278 2570">
     <span class='ocr_line' id='line_1_14' title="bbox 252 1761 720 1854; baseline -0.022 -22.978"><span class='ocrx_word' id='word_1_83' title='bbox 252 1771 321 1854; x_wconf 87' lang='lat' dir='ltr'>ipse</span> <span class='ocrx_word' id='word_1_84' title='bbox 344 1767 435 1830; x_wconf 81' lang='lat' dir='ltr'>addit</span> <span class='ocrx_word' id='word_1_85' title='bbox 454 1763 506 1826; x_wconf 88' lang='lat' dir='ltr'>hi&#39;s</span> <span class='ocrx_word' id='word_1_86' title='bbox 529 1761 720 1824; x_wconf 74' lang='lat' dir='ltr'>versibusr·</span> 
     </span>
     <span class='ocr_line' id='line_1_15' title="bbox 660 1885 1066 1968; baseline 0.005 -24"><span class='ocrx_word' id='word_1_87' title='bbox 660 1897 663 1903; x_wconf 87' lang='grc'><strong>’</strong></span> <span class='ocrx_word' id='word_1_88' title='bbox 737 1891 888 1945; x_wconf 78' lang='lat' dir='ltr'>summus</span> <span class='ocrx_word' id='word_1_89' title='bbox 901 1885 1066 1968; x_wconf 80' lang='lat' dir='ltr'>utrimque</span> 
     </span>
     <span class='ocr_line' id='line_1_16' title="bbox 296 2003 1095 2086; baseline 0 -20"><span class='ocrx_word' id='word_1_90' title='bbox 296 2005 378 2067; x_wconf 86' lang='lat' dir='ltr'>Inde</span> <span class='ocrx_word' id='word_1_91' title='bbox 400 2004 490 2066; x_wconf 80' lang='lat' dir='ltr'>fitr&#39;or</span> <span class='ocrx_word' id='word_1_92' title='bbox 511 2005 625 2086; x_wconf 79' lang='lat' dir='ltr'>vulgo,</span> <span class='ocrx_word' id='word_1_93' title='bbox 648 2003 735 2084; x_wconf 90' lang='lat' dir='ltr'>quod</span> <span class='ocrx_word' id='word_1_94' title='bbox 754 2007 893 2068; x_wconf 87' lang='lat' dir='ltr'>numina</span> <span class='ocrx_word' id='word_1_95' title='bbox 913 2008 1095 2067; x_wconf 79' lang='lat' dir='ltr'>vicinonrm</span> 
     </span>
     <span class='ocr_line' id='line_1_17' title="bbox 287 2125 1211 2230; baseline 0.003 -44.036"><span class='ocrx_word' id='word_1_96' title='bbox 287 2125 378 2187; x_wconf 87' lang='lat' dir='ltr'>Odit</span> <span class='ocrx_word' id='word_1_97' title='bbox 398 2131 536 2206; x_wconf 87' lang='lat' dir='ltr'>uterque</span> <span class='ocrx_word' id='word_1_98' title='bbox 555 2125 663 2198; x_wconf 88' lang='lat' dir='ltr'>locus,</span> <span class='ocrx_word' id='word_1_99' title='bbox 687 2125 803 2230; x_wconf 79' lang='lat' dir='ltr'>qutun</span> <span class='ocrx_word' id='word_1_100' title='bbox 799 2127 892 2188; x_wconf 87' lang='lat' dir='ltr'>solos</span> <span class='ocrx_word' id='word_1_101' title='bbox 915 2126 1024 2187; x_wconf 82' lang='lat' dir='ltr'>credat</span> <span class='ocrx_word' id='word_1_102' title='bbox 1046 2125 1211 2189; x_wconf 81' lang='lat' dir='ltr'>habendos</span> 
     </span>
     <span class='ocr_line' id='line_1_18' title="bbox 263 2223 1053 2330; baseline -0.003 -23.91"><span class='ocrx_word' id='word_1_103' title='bbox 263 2245 386 2306; x_wconf 88' lang='lat' dir='ltr'>Esse</span> <span class='ocrx_word' id='word_1_104' title='bbox 396 2227 497 2318; x_wconf 86' lang='lat' dir='ltr'>deos,</span> <span class='ocrx_word' id='word_1_105' title='bbox 510 2263 586 2324; x_wconf 88' lang='lat' dir='ltr'>quos</span> <span class='ocrx_word' id='word_1_106' title='bbox 607 2245 677 2325; x_wconf 86' lang='lat' dir='ltr'>ipse</span> <span class='ocrx_word' id='word_1_107' title='bbox 700 2223 797 2330; x_wconf 82' lang='lat' dir='ltr'>colit.</span> <span class='ocrx_word' id='word_1_108' title='bbox 1050 2243 1053 2246; x_wconf 77' lang='grc'><strong>’</strong></span> 
     </span>
     <span class='ocr_line' id='line_1_19' title="bbox 255 2339 1278 2454; baseline 0.002 -26"><span class='ocrx_word' id='word_1_109' title='bbox 255 2365 296 2428; x_wconf 87' lang='lat' dir='ltr'>ln</span> <span class='ocrx_word' id='word_1_110' title='bbox 317 2365 383 2454; x_wconf 86' lang='lat' dir='ltr'>his</span> <span class='ocrx_word' id='word_1_111' title='bbox 395 2339 535 2424; x_wconf 79' lang='lat' dir='ltr'>numina</span> <span class='ocrx_word' id='word_1_112' title='bbox 562 2363 761 2444; x_wconf 74' lang='lat' dir='ltr'>vicinorum</span> <span class='ocrx_word' id='word_1_113' title='bbox 779 2383 849 2424; x_wconf 83' lang='lat' dir='ltr'>non</span> <span class='ocrx_word' id='word_1_114' title='bbox 876 2365 917 2442; x_wconf 85' lang='lat' dir='ltr'>ad</span> <span class='ocrx_word' id='word_1_115' title='bbox 938 2365 1105 2448; x_wconf 84' lang='lat' dir='ltr'>Tentyra</span> <span class='ocrx_word' id='word_1_116' title='bbox 1110 2377 1156 2430; x_wconf 90' lang='lat' dir='ltr'>et&#39;</span> <span class='ocrx_word' id='word_1_117' title='bbox 1165 2370 1278 2432; x_wconf 84' lang='lat' dir='ltr'>Ombos</span> 
     </span>
     <span class='ocr_line' id='line_1_20' title="bbox 197 2483 1277 2570; baseline 0.004 -25"><span class='ocrx_word' id='word_1_118' title='bbox 197 2521 201 2530; x_wconf 56' lang='grc' dir='ltr'><strong><em>ι</em></strong></span> <span class='ocrx_word' id='word_1_119' title='bbox 255 2483 426 2550; x_wconf 85' lang='lat' dir='ltr'>referenda</span> <span class='ocrx_word' id='word_1_120' title='bbox 447 2497 538 2559; x_wconf 86' lang='lat' dir='ltr'>sunt,</span> <span class='ocrx_word' id='word_1_121' title='bbox 570 2496 607 2544; x_wconf 94' lang='lat' dir='ltr'>ut</span> <span class='ocrx_word' id='word_1_122' title='bbox 635 2483 823 2546; x_wconf 80' lang='lat' dir='ltr'>Franckius</span> <span class='ocrx_word' id='word_1_123' title='bbox 836 2485 957 2546; x_wconf 85' lang='lat' dir='ltr'>dicitl.</span> <span class='ocrx_word' id='word_1_124' title='bbox 979 2487 1096 2570; x_wconf 83' lang='lat' dir='ltr'>Lpag</span> <span class='ocrx_word' id='word_1_125' title='bbox 1118 2486 1277 2566; x_wconf 78' lang='grc'><strong>112,111-</strong></span> 
     </span>
    </p>
   </div>
   <div class='ocr_carea' id='block_1_9' title="bbox 151 2603 1280 2810">
    <p class='ocr_par' dir='ltr' id='par_1_9' title="bbox 147 2603 1279 2810">
     <span class='ocr_line' id='line_1_21' title="bbox 257 2603 1279 2691; baseline 0.005 -27.417"><span class='ocrx_word' id='word_1_126' title='bbox 257 2625 320 2686; x_wconf 90' lang='lat' dir='ltr'>que</span> <span class='ocrx_word' id='word_1_127' title='bbox 341 2603 389 2666; x_wconf 89' lang='lat' dir='ltr'>ibi</span> <span class='ocrx_word' id='word_1_128' title='bbox 403 2603 475 2667; x_wconf 87' lang='lat' dir='ltr'>hae</span> <span class='ocrx_word' id='word_1_129' title='bbox 494 2603 590 2664; x_wconf 87' lang='lat' dir='ltr'>urbes</span> <span class='ocrx_word' id='word_1_130' title='bbox 620 2603 718 2666; x_wconf 84' lang='lat' dir='ltr'>sibi&#39;</span> <span class='ocrx_word' id='word_1_131' title='bbox 708 2605 862 2666; x_wconf 84' lang='lat' dir='ltr'>mimicae</span> <span class='ocrx_word' id='word_1_132' title='bbox 892 2605 1062 2680; x_wconf 85' lang='lat' dir='ltr'>dicuntur,</span> <span class='ocrx_word' id='word_1_133' title='bbox 1091 2629 1279 2691; x_wconf 86' lang='lat' dir='ltr'>quamquam</span> 
     </span>
     <span class='ocr_line' id='line_1_22' title="bbox 151 2725 1280 2810; baseline 0.007 -26"><span class='ocrx_word' id='word_1_134' title='bbox 151 2789 160 2806; x_wconf 22' lang='lat' dir='ltr'>p</span> <span class='ocrx_word' id='word_1_135' title='bbox 255 2743 292 2785; x_wconf 88' lang='lat' dir='ltr'>re</span> <span class='ocrx_word' id='word_1_136' title='bbox 313 2725 383 2806; x_wconf 88' lang='lat' dir='ltr'>ipsa</span> <span class='ocrx_word' id='word_1_137' title='bbox 400 2738 506 2800; x_wconf 89' lang='lat' dir='ltr'>erant,</span> <span class='ocrx_word' id='word_1_138' title='bbox 528 2725 583 2784; x_wconf 92' lang='lat' dir='ltr'>sed</span> <span class='ocrx_word' id='word_1_139' title='bbox 604 2725 833 2806; x_wconf 75' lang='lat' dir='ltr'>intelliguntur</span> <span class='ocrx_word' id='word_1_140' title='bbox 855 2745 913 2786; x_wconf 90' lang='lat' dir='ltr'>eae</span> <span class='ocrx_word' id='word_1_141' title='bbox 936 2727 1090 2804; x_wconf 85' lang='lat' dir='ltr'>civitates,</span> <span class='ocrx_word' id='word_1_142' title='bbox 1114 2751 1196 2810; x_wconf 85' lang='lat' dir='ltr'>quae</span> <span class='ocrx_word' id='word_1_143' title='bbox 1211 2733 1280 2792; x_wconf 89' lang='lat' dir='ltr'>utri·</span> 
     </span>
    </p>
   </div>
   <div class='ocr_carea' id='block_1_10' title="bbox 231 2845 1281 2931">
    <p class='ocr_par' dir='ltr' id='par_1_10' title="bbox 231 2845 1281 2931">
     <span class='ocr_line' id='line_1_23' title="bbox 231 2845 1281 2931; baseline 0.008 -29"><span class='ocrx_word' id='word_1_144' title='bbox 231 2865 320 2926; x_wconf 68' lang='lat' dir='ltr'>,que</span> <span class='ocrx_word' id='word_1_145' title='bbox 348 2845 471 2926; x_wconf 86' lang='lat' dir='ltr'>populo</span> <span class='ocrx_word' id='word_1_146' title='bbox 500 2846 709 2926; x_wconf 83' lang='lat' dir='ltr'>interpositae</span> <span class='ocrx_word' id='word_1_147' title='bbox 738 2860 848 2919; x_wconf 86' lang='lat' dir='ltr'>erant,</span> <span class='ocrx_word' id='word_1_148' title='bbox 872 2859 927 2931; x_wconf 81' lang='lat' dir='ltr'>aut</span> <span class='ocrx_word' id='word_1_149' title='bbox 948 2847 1150 2910; x_wconf 85' lang='lat' dir='ltr'>adiacebant.</span> <span class='ocrx_word' id='word_1_150' title='bbox 1195 2851 1281 2912; x_wconf 86' lang='lat' dir='ltr'>Tales</span> 
     </span>
    </p>
   </div>
   <div class='ocr_carea' id='block_1_11' title="bbox 150 2963 1282 3057">
    <p class='ocr_par' dir='ltr' id='par_1_11' title="bbox 150 2963 1282 3057">
     <span class='ocr_line' id='line_1_24' title="bbox 150 2963 1282 3057; baseline -0.008 -19"><span class='ocrx_word' id='word_1_151' title='bbox 150 3035 153 3038; x_wconf 87' lang='lat'>.</span> <span class='ocrx_word' id='word_1_152' title='bbox 189 3034 195 3057; x_wconf 55' lang='lat'><em>„</em></span> <span class='ocrx_word' id='word_1_153' title='bbox 257 2963 528 3046; x_wconf 69' lang='lat' dir='ltr'>tuenmtptures.</span> <span class='ocrx_word' id='word_1_154' title='bbox 572 2965 889 3048; x_wconf 80' lang='lat' dir='ltr'>ApollonopolisM.</span> <span class='ocrx_word' id='word_1_155' title='bbox 912 2967 980 3028; x_wconf 82' lang='lat' dir='ltr'>&#39;non</span> <span class='ocrx_word' id='word_1_156' title='bbox 997 2969 1198 3030; x_wconf 56' lang='lat' dir='ltr'>multum‘ab</span> <span class='ocrx_word' id='word_1_157' title='bbox 1212 2971 1282 3030; x_wconf 90' lang='lat' dir='ltr'>Om-</span> 
     </span>
    </p>
   </div>
   <div class='ocr_carea' id='block_1_12' title="bbox 172 3084 1287 3550">
    <p class='ocr_par' dir='ltr' id='par_1_12' title="bbox 172 3084 1285 3530">
     <span class='ocr_line' id='line_1_25' title="bbox 255 3084 1283 3172; baseline 0.004 -24"><span class='ocrx_word' id='word_1_158' title='bbox 255 3085 305 3148; x_wconf 87' lang='lat' dir='ltr'>bis</span> <span class='ocrx_word' id='word_1_159' title='bbox 329 3085 482 3160; x_wconf 79' lang='lat' dir='ltr'>distabat,</span> <span class='ocrx_word' id='word_1_160' title='bbox 513 3085 846 3160; x_wconf 56' lang='lat' dir='ltr'>crocodilisfinfesta</span> <span class='ocrx_word' id='word_1_161' title='bbox 874 3085 984 3151; x_wconf 66' lang='lat' dir='ltr'>Strabo</span> <span class='ocrx_word' id='word_1_162' title='bbox 1000 3107 1071 3170; x_wconf 82' lang='lat' dir='ltr'>pag.</span> <span class='ocrx_word' id='word_1_163' title='bbox 1094 3091 1172 3152; x_wconf 86' lang='grc'><strong>817.</strong></span> <span class='ocrx_word' id='word_1_164' title='bbox 1195 3084 1283 3172; x_wconf 80' lang='grc' dir='ltr'><em>αὕτη</em></span> 
     </span>
     <span class='ocr_line' id='line_1_26' title="bbox 172 3198 1283 3285; baseline 0.001 -17"><span class='ocrx_word' id='word_1_165' title='bbox 172 3198 175 3207; x_wconf 68' lang='grc'><em>’</em></span> <span class='ocrx_word' id='word_1_166' title='bbox 256 3203 844 3285; x_wconf 67' lang='grc' dir='ltr'><strong>10111μοῦ1111τοῖ1κροκοδείλοις</strong></span> <span class='ocrx_word' id='word_1_167' title='bbox 874 3206 1167 3270; x_wconf 84' lang='lat' dir='ltr'>cf.Ae1ian.Hist</span> <span class='ocrx_word' id='word_1_168' title='bbox 1191 3213 1283 3270; x_wconf 87' lang='lat' dir='ltr'>anim.</span> 
     </span>
     <span class='ocr_line' id='line_1_27' title="bbox 257 3323 1285 3417; baseline 0.003 -31"><span class='ocrx_word' id='word_1_169' title='bbox 257 3323 314 3386; x_wconf 86' lang='lat' dir='ltr'>lib.</span> <span class='ocrx_word' id='word_1_170' title='bbox 337 3323 383 3396; x_wconf 89' lang='lat' dir='ltr'>X,</span> <span class='ocrx_word' id='word_1_171' title='bbox 412 3343 481 3404; x_wconf 85' lang='lat' dir='ltr'>cap.</span> <span class='ocrx_word' id='word_1_172' title='bbox 503 3325 557 3387; x_wconf 81' lang='lat'>21.</span> <span class='ocrx_word' id='word_1_173' title='bbox 598 3324 726 3417; x_wconf 85' lang='lat' dir='ltr'>Eadem</span> <span class='ocrx_word' id='word_1_174' title='bbox 755 3326 909 3388; x_wconf 85' lang='lat' dir='ltr'>animalia</span> <span class='ocrx_word' id='word_1_175' title='bbox 936 3330 1152 3393; x_wconf 83' lang='lat' dir='ltr'>venerabatur</span> <span class='ocrx_word' id='word_1_176' title='bbox 1174 3331 1285 3390; x_wconf 85' lang='lat' dir='ltr'>Croco·</span> 
     </span>
     <span class='ocr_line' id='line_1_28' title="bbox 257 3421 1287 3550; baseline 0.006 -47"><span class='ocrx_word' id='word_1_177' title='bbox 257 3442 429 3550; x_wconf 80' lang='lat' dir='ltr'>dilopolis,</span> <span class='ocrx_word' id='word_1_178' title='bbox 456 3461 563 3522; x_wconf 79' lang='lat' dir='ltr'>neque</span> <span class='ocrx_word' id='word_1_179' title='bbox 584 3421 693 3506; x_wconf 86' lang='lat' dir='ltr'>minor</span> <span class='ocrx_word' id='word_1_180' title='bbox 713 3463 793 3538; x_wconf 83' lang='lat' dir='ltr'>arga</span> <span class='ocrx_word' id='word_1_181' title='bbox 814 3465 867 3507; x_wconf 85' lang='lat' dir='ltr'>eos</span> <span class='ocrx_word' id='word_1_182' title='bbox 891 3424 1105 3530; x_wconf 84' lang='lat' dir='ltr'>Coptitarum,</span> <span class='ocrx_word' id='word_1_183' title='bbox 1128 3452 1186 3530; x_wconf 87' lang='lat' dir='ltr'>qui</span> <span class='ocrx_word' id='word_1_184' title='bbox 1206 3449 1287 3510; x_wconf 91' lang='lat' dir='ltr'>Ten·</span> 
     </span>
    </p>
   </div>
   <div class='ocr_carea' id='block_1_13' title="bbox 36 3561 1286 3666">
    <p class='ocr_par' dir='ltr' id='par_1_13' title="bbox 36 3561 1286 3666">
     <span class='ocr_line' id='line_1_29' title="bbox 36 3561 1286 3666; baseline 0.016 -58"><span class='ocrx_word' id='word_1_185' title='bbox 36 3601 42 3608; x_wconf 92' lang='lat'><strong><em>.</em></strong></span> <span class='ocrx_word' id='word_1_186' title='bbox 124 3598 126 3604; x_wconf 34' lang='lat' dir='ltr'>s</span> <span class='ocrx_word' id='word_1_187' title='bbox 204 3569 213 3652; x_wconf 60' lang='lat' dir='ltr'><em>J</em></span> <span class='ocrx_word' id='word_1_188' title='bbox 257 3565 364 3647; x_wconf 74' lang='lat' dir='ltr'>tyritir</span> <span class='ocrx_word' id='word_1_189' title='bbox 386 3561 587 3640; x_wconf 85' lang='lat' dir='ltr'>adiacebant,</span> <span class='ocrx_word' id='word_1_190' title='bbox 609 3567 792 3627; x_wconf 85' lang='lat' dir='ltr'>reverentia</span> <span class='ocrx_word' id='word_1_191' title='bbox 815 3583 1089 3630; x_wconf 88' lang='lat' dir='ltr'>commemoratur</span> <span class='ocrx_word' id='word_1_192' title='bbox 1112 3569 1151 3660; x_wconf 81' lang='lat' dir='ltr'>ab</span> <span class='ocrx_word' id='word_1_193' title='bbox 1165 3569 1286 3666; x_wconf 83' lang='lat' dir='ltr'>Aelion.</span> 
     </span>
    </p>
   </div>
   <div class='ocr_carea' id='block_1_14' title="bbox 160 3669 1290 4133">
    <p class='ocr_par' dir='ltr' id='par_1_14' title="bbox 182 3669 1287 3892">
     <span class='ocr_line' id='line_1_30' title="bbox 182 3669 1287 3774; baseline 0.005 -31"><span class='ocrx_word' id='word_1_194' title='bbox 182 3693 189 3704; x_wconf 88' lang='lat'>&#39;</span> <span class='ocrx_word' id='word_1_195' title='bbox 256 3682 315 3774; x_wconf 84' lang='lat' dir='ltr'>lib.</span> <span class='ocrx_word' id='word_1_196' title='bbox 322 3673 385 3760; x_wconf 94' lang='lat' dir='ltr'>X,</span> <span class='ocrx_word' id='word_1_197' title='bbox 407 3703 477 3766; x_wconf 85' lang='lat' dir='ltr'>cap</span> <span class='ocrx_word' id='word_1_198' title='bbox 500 3685 553 3750; x_wconf 82' lang='lat'>24.</span> <span class='ocrx_word' id='word_1_199' title='bbox 599 3683 693 3746; x_wconf 86' lang='lat' dir='ltr'>Aliae</span> <span class='ocrx_word' id='word_1_200' title='bbox 714 3684 778 3746; x_wconf 82' lang='lat' dir='ltr'>alia</span> <span class='ocrx_word' id='word_1_201' title='bbox 801 3669 952 3753; x_wconf 78' lang='lat' dir='ltr'>dolebant</span> <span class='ocrx_word' id='word_1_202' title='bbox 972 3691 1125 3759; x_wconf 69' lang='lat' dir='ltr'>numium</span> <span class='ocrx_word' id='word_1_203' title='bbox 1154 3689 1287 3771; x_wconf 78' lang='lat' dir='ltr'>Latopo</span> 
     </span>
     <span class='ocr_line' id='line_1_31' title="bbox 258 3767 1287 3892; baseline 0.005 -26"><span class='ocrx_word' id='word_1_204' title='bbox 258 3767 298 3866; x_wconf 83' lang='grc'>111</span> <span class='ocrx_word' id='word_1_205' title='bbox 319 3803 451 3884; x_wconf 88' lang='lat' dir='ltr'>piscem,</span> <span class='ocrx_word' id='word_1_206' title='bbox 474 3805 665 3886; x_wconf 85' lang='lat' dir='ltr'>accipitrem</span> <span class='ocrx_word' id='word_1_207' title='bbox 687 3801 943 3888; x_wconf 85' lang='lat' dir='ltr'>Hieraco&#39;npolis.</span> <span class='ocrx_word' id='word_1_208' title='bbox 967 3807 1030 3869; x_wconf 82' lang='lat' dir='ltr'>vid.</span> <span class='ocrx_word' id='word_1_209' title='bbox 1052 3807 1205 3892; x_wconf 57' lang='lat' dir='ltr'>Strabsp.</span> <span class='ocrx_word' id='word_1_210' title='bbox 1221 3809 1287 3874; x_wconf 77' lang='lat'>817.</span> 
     </span>
    </p>

    <p class='ocr_par' dir='ltr' id='par_1_15' title="bbox 160 3912 1290 4133">
     <span class='ocr_line' id='line_1_32' title="bbox 193 3912 1288 4018; baseline 0.004 -36"><span class='ocrx_word' id='word_1_211' title='bbox 193 3947 201 3960; x_wconf 87' lang='lat'>·</span> <span class='ocrx_word' id='word_1_212' title='bbox 225 3962 229 3966; x_wconf 64' lang='grc'><strong>»</strong></span> <span class='ocrx_word' id='word_1_213' title='bbox 259 3917 326 4001; x_wconf 83' lang='lat' dir='ltr'>Qui</span> <span class='ocrx_word' id='word_1_214' title='bbox 346 3924 521 3984; x_wconf 87' lang='lat' dir='ltr'>numinum</span> <span class='ocrx_word' id='word_1_215' title='bbox 545 3912 637 3986; x_wconf 87' lang='lat' dir='ltr'>cultu</span> <span class='ocrx_word' id='word_1_216' title='bbox 652 3943 734 3987; x_wconf 88' lang='lat' dir='ltr'>non</span> <span class='ocrx_word' id='word_1_217' title='bbox 751 3925 966 4018; x_wconf 83' lang='lat' dir='ltr'>differebant,</span> <span class='ocrx_word' id='word_1_218' title='bbox 997 3929 1024 3990; x_wconf 91' lang='lat' dir='ltr'>ii</span> <span class='ocrx_word' id='word_1_219' title='bbox 1053 3929 1199 3990; x_wconf 78' lang='lat' dir='ltr'>amicitia</span> <span class='ocrx_word' id='word_1_220' title='bbox 1219 3946 1288 3988; x_wconf 87' lang='lat' dir='ltr'>con·</span> 
     </span>
     <span class='ocr_line' id='line_1_33' title="bbox 160 4037 1290 4133; baseline 0.002 -29"><span class='ocrx_word' id='word_1_221' title='bbox 160 4053 174 4062; x_wconf 84' lang='grc'>”</span> <span class='ocrx_word' id='word_1_222' title='bbox 258 4037 364 4104; x_wconf 87' lang='lat' dir='ltr'>iuncti</span> <span class='ocrx_word' id='word_1_223' title='bbox 383 4043 628 4108; x_wconf 89' lang='lat' dir='ltr'>insectabantur</span> <span class='ocrx_word' id='word_1_224' title='bbox 649 4047 735 4110; x_wconf 83' lang='lat' dir='ltr'>alias.</span> <span class='ocrx_word' id='word_1_225' title='bbox 780 4045 876 4112; x_wconf 87' lang='lat' dir='ltr'>Unde</span> <span class='ocrx_word' id='word_1_226' title='bbox 905 4045 1025 4128; x_wconf 75' lang='lat' dir='ltr'>fiebat,</span> <span class='ocrx_word' id='word_1_227' title='bbox 1053 4061 1090 4113; x_wconf 87' lang='lat' dir='ltr'>ut</span> <span class='ocrx_word' id='word_1_228' title='bbox 1118 4060 1290 4133; x_wconf 80' lang='lat' dir='ltr'>perpetuae</span> 
     </span>
    </p>
   </div>
   <div class='ocr_carea' id='block_1_15' title="bbox 0 0 1354 4860">
    <p class='ocr_par' dir='ltr' id='par_1_16' title="bbox 0 0 1354 4860">
     <span class='ocr_line' id='line_1_34' title="bbox 0 0 1354 4860; baseline 0 0"><span class='ocrx_word' id='word_1_229' title='bbox 0 0 1354 4860; x_wconf 95' lang='lat' dir='ltr'> </span> 
     </span>
    </p>
   </div>
  </div>
 </body>
</html>
