<?xml version="1.0" encoding="UTF-8"?>
<!DOCTYPE html PUBLIC "-//W3C//DTD XHTML 1.0 Transitional//EN"
    "http://www.w3.org/TR/xhtml1/DTD/xhtml1-transitional.dtd">
<html xmlns="http://www.w3.org/1999/xhtml" xml:lang="en" lang="en">
 <head>
  <title>
</title>
<meta http-equiv="Content-Type" content="text/html;charset=utf-8" />
  <meta name='ocr-system' content='tesseract 3.04.00' />
  <meta name='ocr-capabilities' content='ocr_page ocr_carea ocr_par ocr_line ocrx_word'/>
</head>
<body>
  <div class='ocr_page' id='page_1' title='image "./satiraexvi00juvgoog_0014.png"; bbox 0 0 2706 4860; ppageno 0'>
   <div class='ocr_carea' id='block_1_1' title="bbox 1130 385 1166 426">
    <p class='ocr_par' dir='ltr' id='par_1_1' title="bbox 1130 385 1166 426">
     <span class='ocr_line' id='line_1_1' title="bbox 1130 385 1166 426; baseline 0.056 -2"><span class='ocrx_word' id='word_1_1' title='bbox 1130 385 1166 426; x_wconf 81' lang='lat' dir='ltr'><strong>lx</strong></span> 
     </span>
    </p>
   </div>
   <div class='ocr_carea' id='block_1_2' title="bbox 62 506 1275 4098">
    <p class='ocr_par' dir='ltr' id='par_1_2' title="bbox 102 506 1163 808">
     <span class='ocr_line' id='line_1_2' title="bbox 128 506 1163 612; baseline 0.009 -23"><span class='ocrx_word' id='word_1_2' title='bbox 128 547 187 606; x_wconf 26' lang='lat' dir='ltr'><strong>&#39;ue</strong></span> <span class='ocrx_word' id='word_1_3' title='bbox 207 546 273 588; x_wconf 86' lang='lat' dir='ltr'><strong>non</strong></span> <span class='ocrx_word' id='word_1_4' title='bbox 297 525 417 607; x_wconf 87' lang='lat' dir='ltr'><strong>ubique</strong></span> <span class='ocrx_word' id='word_1_5' title='bbox 437 519 643 610; x_wconf 73' lang='lat' dir='ltr'><strong>expromptr&#39;u</strong></span> <span class='ocrx_word' id='word_1_6' title='bbox 674 540 707 590; x_wconf 87' lang='lat' dir='ltr'><strong>et</strong></span> <span class='ocrx_word' id='word_1_7' title='bbox 726 530 780 608; x_wconf 91' lang='lat' dir='ltr'><strong>qui</strong></span> <span class='ocrx_word' id='word_1_8' title='bbox 803 513 852 588; x_wconf 90' lang='lat' dir='ltr'><strong>vel</strong></span> <span class='ocrx_word' id='word_1_9' title='bbox 873 530 1011 610; x_wconf 87' lang='lat' dir='ltr'><strong>suspecti</strong></span> <span class='ocrx_word' id='word_1_10' title='bbox 1028 506 1163 612; x_wconf 80' lang='lat' dir='ltr'><strong>tanturn,</strong></span> 
     </span>
     <span class='ocr_line' id='line_1_3' title="bbox 148 619 1163 712; baseline 0.007 -22"><span class='ocrx_word' id='word_1_11' title='bbox 148 630 196 692; x_wconf 88' lang='lat' dir='ltr'><strong>vel</strong></span> <span class='ocrx_word' id='word_1_12' title='bbox 218 629 447 709; x_wconf 75' lang='lat' dir='ltr'><strong>transponendi</strong></span> <span class='ocrx_word' id='word_1_13' title='bbox 467 619 628 712; x_wconf 84' lang='lat' dir='ltr'><strong>pribribus</strong></span> <span class='ocrx_word' id='word_1_14' title='bbox 645 631 874 712; x_wconf 82' lang='lat' dir='ltr'><strong>interpretibus</strong></span> <span class='ocrx_word' id='word_1_15' title='bbox 896 632 1103 709; x_wconf 80' lang='lat' dir='ltr'><strong>videbantur,</strong></span> <span class='ocrx_word' id='word_1_16' title='bbox 1127 643 1163 704; x_wconf 82' lang='lat' dir='ltr'><strong>in</strong></span> 
     </span>
     <span class='ocr_line' id='line_1_4' title="bbox 102 731 559 808; baseline -0.004 -14"><span class='ocrx_word' id='word_1_17' title='bbox 102 801 112 808; x_wconf 58' lang='grc'><em>,</em></span> <span class='ocrx_word' id='word_1_18' title='bbox 146 751 202 794; x_wconf 78' lang='lat' dir='ltr'><strong>stra</strong></span> <span class='ocrx_word' id='word_1_19' title='bbox 211 733 285 794; x_wconf 86' lang='lat' dir='ltr'><strong>sede</strong></span> <span class='ocrx_word' id='word_1_20' title='bbox 297 731 429 792; x_wconf 84' lang='lat' dir='ltr'><strong>firmare</strong></span> <span class='ocrx_word' id='word_1_21' title='bbox 442 731 559 797; x_wconf 74' lang='lat' dir='ltr'><strong>studui.</strong></span> 
     </span>
    </p>

    <p class='ocr_par' dir='ltr' id='par_1_3' title="bbox 142 835 1269 2258">
     <span class='ocr_line' id='line_1_5' title="bbox 227 835 1168 916; baseline 0.01 -20"><span class='ocrx_word' id='word_1_22' title='bbox 227 836 350 900; x_wconf 87' lang='lat' dir='ltr'><strong>Verum</strong></span> <span class='ocrx_word' id='word_1_23' title='bbox 379 837 565 916; x_wconf 84' lang='lat' dir='ltr'><strong>praecipua,</strong></span> <span class='ocrx_word' id='word_1_24' title='bbox 596 836 645 899; x_wconf 90' lang='lat' dir='ltr'><strong>uti</strong></span> <span class='ocrx_word' id='word_1_25' title='bbox 670 837 707 898; x_wconf 89' lang='lat' dir='ltr'><strong>iu</strong></span> <span class='ocrx_word' id='word_1_26' title='bbox 726 835 878 900; x_wconf 89' lang='lat' dir='ltr'><strong>Iuvenale</strong></span> <span class='ocrx_word' id='word_1_27' title='bbox 909 838 1061 914; x_wconf 79' lang='lat' dir='ltr'>debebat,</span> <span class='ocrx_word' id='word_1_28' title='bbox 1092 861 1168 904; x_wconf 88' lang='lat' dir='ltr'><strong>cura</strong></span> 
     </span>
     <span class='ocr_line' id='line_1_6' title="bbox 146 939 1166 1022; baseline 0.005 -21"><span class='ocrx_word' id='word_1_29' title='bbox 146 939 205 1002; x_wconf 80' lang='lat' dir='ltr'><strong>luit</strong></span> <span class='ocrx_word' id='word_1_30' title='bbox 225 939 322 1022; x_wconf 78' lang='lat' dir='ltr'><strong>haee,</strong></span> <span class='ocrx_word' id='word_1_31' title='bbox 351 951 405 1012; x_wconf 90' lang='lat' dir='ltr'><strong>ut,</strong></span> <span class='ocrx_word' id='word_1_32' title='bbox 433 959 516 1018; x_wconf 85' lang='lat' dir='ltr'><strong>quae</strong></span> <span class='ocrx_word' id='word_1_33' title='bbox 540 941 577 1000; x_wconf 89' lang='lat' dir='ltr'><strong>in</strong></span> <span class='ocrx_word' id='word_1_34' title='bbox 604 939 735 1022; x_wconf 81' lang='lat' dir='ltr'><strong>singulis</strong></span> <span class='ocrx_word' id='word_1_35' title='bbox 761 941 838 1002; x_wconf 86' lang='lat' dir='ltr'><strong>locis</strong></span> <span class='ocrx_word' id='word_1_36' title='bbox 858 942 901 1004; x_wconf 87' lang='lat' dir='ltr'><strong>ad</strong></span> <span class='ocrx_word' id='word_1_37' title='bbox 921 962 1033 1004; x_wconf 89' lang='lat' dir='ltr'><strong>rerum</strong></span> <span class='ocrx_word' id='word_1_38' title='bbox 1054 944 1166 1006; x_wconf 89' lang='lat' dir='ltr'><strong>verbo·</strong></span> 
     </span>
     <span class='ocr_line' id='line_1_7' title="bbox 146 1041 1168 1124; baseline 0.002 -18"><span class='ocrx_word' id='word_1_39' title='bbox 146 1061 280 1124; x_wconf 84' lang='lat' dir='ltr'><strong>rumque</strong></span> <span class='ocrx_word' id='word_1_40' title='bbox 298 1041 528 1102; x_wconf 74' lang='lat' dir='ltr'><strong>obscuritatem</strong></span> <span class='ocrx_word' id='word_1_41' title='bbox 539 1042 719 1105; x_wconf 85' lang='lat' dir='ltr'><strong>tollendum</strong></span> <span class='ocrx_word' id='word_1_42' title='bbox 734 1045 944 1124; x_wconf 81' lang='lat' dir='ltr'><strong>pertinerent,</strong></span> <span class='ocrx_word' id='word_1_43' title='bbox 966 1046 1168 1108; x_wconf 41' lang='lat' dir='ltr'><strong>animadvers</strong></span> 
     </span>
     <span class='ocr_line' id='line_1_8' title="bbox 148 1145 1201 1228; baseline 0.005 -22"><span class='ocrx_word' id='word_1_44' title='bbox 148 1158 262 1219; x_wconf 85' lang='lat' dir='ltr'><strong>terem,</strong></span> <span class='ocrx_word' id='word_1_45' title='bbox 293 1157 325 1206; x_wconf 89' lang='lat' dir='ltr'><strong>et</strong></span> <span class='ocrx_word' id='word_1_46' title='bbox 347 1163 427 1226; x_wconf 90' lang='lat' dir='ltr'><strong>quae</strong></span> <span class='ocrx_word' id='word_1_47' title='bbox 447 1159 502 1208; x_wconf 85' lang='lat' dir='ltr'><strong>aut</strong></span> <span class='ocrx_word' id='word_1_48' title='bbox 524 1145 631 1226; x_wconf 87' lang='lat' dir='ltr'><strong>aliqua</strong></span> <span class='ocrx_word' id='word_1_49' title='bbox 651 1165 689 1208; x_wconf 85' lang='lat' dir='ltr'><strong>ex</strong></span> <span class='ocrx_word' id='word_1_50' title='bbox 712 1159 803 1228; x_wconf 87' lang='lat' dir='ltr'><strong>parte</strong></span> <span class='ocrx_word' id='word_1_51' title='bbox 822 1147 1005 1221; x_wconf 87' lang='lat' dir='ltr'><strong>intellecta,</strong></span> <span class='ocrx_word' id='word_1_52' title='bbox 1027 1161 1168 1210; x_wconf 87' lang='lat' dir='ltr'><strong>autnon</strong></span> <span class='ocrx_word' id='word_1_53' title='bbox 1199 1216 1201 1226; x_wconf 61' lang='grc'>,</span> 
     </span>
     <span class='ocr_line' id='line_1_9' title="bbox 146 1247 1168 1330; baseline 0.006 -22"><span class='ocrx_word' id='word_1_54' title='bbox 146 1250 214 1310; x_wconf 82' lang='lat' dir='ltr'><strong>satis</strong></span> <span class='ocrx_word' id='word_1_55' title='bbox 234 1249 404 1330; x_wconf 86' lang='lat' dir='ltr'><strong>perspicue</strong></span> <span class='ocrx_word' id='word_1_56' title='bbox 416 1247 574 1328; x_wconf 85' lang='lat' dir='ltr'><strong>explicata</strong></span> <span class='ocrx_word' id='word_1_57' title='bbox 589 1260 693 1310; x_wconf 89' lang='lat' dir='ltr'><strong>essent</strong></span> <span class='ocrx_word' id='word_1_58' title='bbox 709 1249 842 1312; x_wconf 81' lang='lat' dir='ltr'><strong>edoctis</strong></span> <span class='ocrx_word' id='word_1_59' title='bbox 857 1249 1053 1327; x_wconf 83' lang='lat' dir='ltr'><strong>hominibus,</strong></span> <span class='ocrx_word' id='word_1_60' title='bbox 1075 1271 1168 1314; x_wconf 88' lang='lat' dir='ltr'><strong>accu-</strong></span> 
     </span>
     <span class='ocr_line' id='line_1_10' title="bbox 146 1350 1168 1432; baseline 0.008 -22"><span class='ocrx_word' id='word_1_61' title='bbox 146 1352 240 1412; x_wconf 87' lang='lat' dir='ltr'><strong>ratius</strong></span> <span class='ocrx_word' id='word_1_62' title='bbox 264 1350 511 1432; x_wconf 77' lang='lat' dir='ltr'><strong>diligentiusque</strong></span> <span class='ocrx_word' id='word_1_63' title='bbox 536 1351 743 1414; x_wconf 79' lang='lat' dir='ltr'><strong>illustrarem.</strong></span> <span class='ocrx_word' id='word_1_64' title='bbox 786 1350 869 1414; x_wconf 89' lang='lat' dir='ltr'><strong>Sunt</strong></span> <span class='ocrx_word' id='word_1_65' title='bbox 893 1355 1093 1425; x_wconf 83' lang='lat' dir='ltr'><strong>tamenloca</strong></span> <span class='ocrx_word' id='word_1_66' title='bbox 1115 1357 1168 1418; x_wconf 86' lang='lat' dir='ltr'><strong>ad·</strong></span> 
     </span>
     <span class='ocr_line' id='line_1_11' title="bbox 146 1453 1167 1537; baseline 0.005 -23"><span class='ocrx_word' id='word_1_67' title='bbox 146 1453 205 1516; x_wconf 91' lang='lat' dir='ltr'><strong>buc</strong></span> <span class='ocrx_word' id='word_1_68' title='bbox 230 1453 315 1516; x_wconf 87' lang='lat' dir='ltr'><strong>bene</strong></span> <span class='ocrx_word' id='word_1_69' title='bbox 337 1454 457 1527; x_wconf 82' lang='lat' dir='ltr'><strong>multa,</strong></span> <span class='ocrx_word' id='word_1_70' title='bbox 479 1455 757 1536; x_wconf 84' lang='lat' dir='ltr'><strong>quaagravissimo</strong></span> <span class='ocrx_word' id='word_1_71' title='bbox 772 1456 955 1537; x_wconf 86' lang='lat' dir='ltr'><strong>interpretis</strong></span> <span class='ocrx_word' id='word_1_72' title='bbox 980 1459 1099 1518; x_wconf 79' lang='lat' dir='ltr'><strong>auxilio</strong></span> <span class='ocrx_word' id='word_1_73' title='bbox 1119 1459 1167 1519; x_wconf 92' lang='lat' dir='ltr'><strong>in·</strong></span> 
     </span>
     <span class='ocr_line' id='line_1_12' title="bbox 146 1557 1167 1641; baseline 0 -21"><span class='ocrx_word' id='word_1_74' title='bbox 146 1558 270 1641; x_wconf 83' lang='lat' dir='ltr'><strong>digent,</strong></span> <span class='ocrx_word' id='word_1_75' title='bbox 293 1577 393 1632; x_wconf 85' lang='lat' dir='ltr'><strong>ame,</strong></span> <span class='ocrx_word' id='word_1_76' title='bbox 418 1558 492 1640; x_wconf 85' lang='lat' dir='ltr'><strong>quia</strong></span> <span class='ocrx_word' id='word_1_77' title='bbox 512 1557 552 1618; x_wconf 92' lang='lat' dir='ltr'><strong>de</strong></span> <span class='ocrx_word' id='word_1_78' title='bbox 566 1557 605 1618; x_wconf 82' lang='lat' dir='ltr'><strong>tis</strong></span> <span class='ocrx_word' id='word_1_79' title='bbox 618 1557 761 1618; x_wconf 85' lang='lat' dir='ltr'><strong>iudicare</strong></span> <span class='ocrx_word' id='word_1_80' title='bbox 780 1559 928 1621; x_wconf 87' lang='lat' dir='ltr'><strong>nondum</strong></span> <span class='ocrx_word' id='word_1_81' title='bbox 942 1561 1050 1639; x_wconf 81' lang='lat' dir='ltr'><strong>potui,</strong></span> <span class='ocrx_word' id='word_1_82' title='bbox 1073 1560 1167 1620; x_wconf 90' lang='lat' dir='ltr'><strong>silen-</strong></span> 
     </span>
     <span class='ocr_line' id='line_1_13' title="bbox 146 1660 1269 1742; baseline 0.002 -22"><span class='ocrx_word' id='word_1_83' title='bbox 146 1660 187 1720; x_wconf 88' lang='lat' dir='ltr'><strong>tio</strong></span> <span class='ocrx_word' id='word_1_84' title='bbox 201 1665 444 1741; x_wconf 77' lang='lat' dir='ltr'><strong>praetermissa3</strong></span> <span class='ocrx_word' id='word_1_85' title='bbox 467 1661 532 1722; x_wconf 88' lang='lat' dir='ltr'><strong>alia</strong></span> <span class='ocrx_word' id='word_1_86' title='bbox 545 1671 675 1734; x_wconf 87' lang='lat' dir='ltr'><strong>contra,</strong></span> <span class='ocrx_word' id='word_1_87' title='bbox 699 1679 780 1742; x_wconf 87' lang='lat' dir='ltr'><strong>quae</strong></span> <span class='ocrx_word' id='word_1_88' title='bbox 796 1663 955 1742; x_wconf 82' lang='lat' dir='ltr'><strong>explicata</strong></span> <span class='ocrx_word' id='word_1_89' title='bbox 972 1674 1063 1736; x_wconf 89' lang='lat' dir='ltr'><strong>sunt,</strong></span> <span class='ocrx_word' id='word_1_90' title='bbox 1084 1661 1168 1722; x_wconf 89' lang='lat' dir='ltr'><strong>mul·</strong></span> <span class='ocrx_word' id='word_1_91' title='bbox 1259 1683 1269 1696; x_wconf 49' lang='lat'>⁵</span> 
     </span>
     <span class='ocr_line' id='line_1_14' title="bbox 145 1757 1169 1852; baseline 0.004 -30"><span class='ocrx_word' id='word_1_92' title='bbox 145 1757 181 1822; x_wconf 76' lang='lat' dir='ltr'><strong>tr</strong></span> <span class='ocrx_word' id='word_1_93' title='bbox 198 1762 324 1824; x_wconf 86' lang='lat' dir='ltr'><strong>leviora</strong></span> <span class='ocrx_word' id='word_1_94' title='bbox 353 1762 563 1836; x_wconf 86' lang='lat' dir='ltr'><strong>videbuntur,</strong></span> <span class='ocrx_word' id='word_1_95' title='bbox 591 1762 647 1822; x_wconf 88' lang='lat' dir='ltr'><strong>sed</strong></span> <span class='ocrx_word' id='word_1_96' title='bbox 670 1782 709 1822; x_wconf 84' lang='lat' dir='ltr'><strong>ex</strong></span> <span class='ocrx_word' id='word_1_97' title='bbox 729 1783 802 1824; x_wconf 86' lang='lat' dir='ltr'><strong>mea</strong></span> <span class='ocrx_word' id='word_1_98' title='bbox 823 1767 983 1826; x_wconf 86' lang='lat' dir='ltr'><strong>sententia</strong></span> <span class='ocrx_word' id='word_1_99' title='bbox 1005 1783 1072 1852; x_wconf 74' lang='lat' dir='ltr'><strong>non</strong></span> <span class='ocrx_word' id='word_1_100' title='bbox 1093 1785 1169 1826; x_wconf 89' lang='lat' dir='ltr'><strong>con-</strong></span> 
     </span>
     <span class='ocr_line' id='line_1_15' title="bbox 145 1859 1167 1948; baseline 0.002 -22"><span class='ocrx_word' id='word_1_101' title='bbox 145 1865 334 1941; x_wconf 84' lang='lat' dir='ltr'><strong>temnenda,</strong></span> <span class='ocrx_word' id='word_1_102' title='bbox 356 1865 552 1939; x_wconf 85' lang='lat' dir='ltr'><strong>dummodo,</strong></span> <span class='ocrx_word' id='word_1_103' title='bbox 576 1866 662 1947; x_wconf 91' lang='lat' dir='ltr'><strong>quod</strong></span> <span class='ocrx_word' id='word_1_104' title='bbox 686 1863 895 1938; x_wconf 79' lang='lat' dir='ltr'><strong>vehementer</strong></span> <span class='ocrx_word' id='word_1_105' title='bbox 914 1859 1006 1948; x_wconf 84' lang='lat' dir='ltr'><strong>optb,</strong></span> <span class='ocrx_word' id='word_1_106' title='bbox 1029 1869 1167 1948; x_wconf 87' lang='lat' dir='ltr'><strong>explica-</strong></span> 
     </span>
     <span class='ocr_line' id='line_1_16' title="bbox 143 1967 1170 2052; baseline 0.003 -26"><span class='ocrx_word' id='word_1_107' title='bbox 143 1968 185 2028; x_wconf 84' lang='lat' dir='ltr'><strong>tio</strong></span> <span class='ocrx_word' id='word_1_108' title='bbox 207 1987 324 2030; x_wconf 87' lang='lat' dir='ltr'><strong>eorum</strong></span> <span class='ocrx_word' id='word_1_109' title='bbox 349 1989 418 2030; x_wconf 91' lang='lat' dir='ltr'><strong>non</strong></span> <span class='ocrx_word' id='word_1_110' title='bbox 443 1967 541 2050; x_wconf 87' lang='lat' dir='ltr'><strong>plane</strong></span> <span class='ocrx_word' id='word_1_111' title='bbox 567 1987 715 2052; x_wconf 86' lang='lat' dir='ltr'><strong>perversa</strong></span> <span class='ocrx_word' id='word_1_112' title='bbox 742 1970 793 2030; x_wconf 85' lang='lat' dir='ltr'><strong>sit.</strong></span> <span class='ocrx_word' id='word_1_113' title='bbox 841 1967 1040 2050; x_wconf 82' lang='lat' dir='ltr'><strong>Frequenter</strong></span> <span class='ocrx_word' id='word_1_114' title='bbox 1071 1969 1170 2032; x_wconf 81' lang='lat' dir='ltr'><strong>disce·</strong></span> 
     </span>
     <span class='ocr_line' id='line_1_17' title="bbox 143 2069 1168 2152; baseline 0.002 -20"><span class='ocrx_word' id='word_1_115' title='bbox 143 2069 285 2132; x_wconf 86' lang='lat' dir='ltr'><strong>dandum</strong></span> <span class='ocrx_word' id='word_1_116' title='bbox 310 2069 397 2134; x_wconf 87' lang='lat' dir='ltr'><strong>mihi</strong></span> <span class='ocrx_word' id='word_1_117' title='bbox 424 2069 486 2132; x_wconf 85' lang='lat' dir='ltr'><strong>luit</strong></span> <span class='ocrx_word' id='word_1_118' title='bbox 514 2089 532 2130; x_wconf 87' lang='lat' dir='ltr'><strong>a</strong></span> <span class='ocrx_word' id='word_1_119' title='bbox 558 2072 725 2132; x_wconf 80' lang='lat' dir='ltr'><strong>sententiis</strong></span> <span class='ocrx_word' id='word_1_120' title='bbox 754 2069 891 2152; x_wconf 81' lang='lat' dir='ltr'><strong>Ruperti</strong></span> <span class='ocrx_word' id='word_1_121' title='bbox 917 2085 950 2134; x_wconf 88' lang='lat' dir='ltr'><strong>et</strong></span> <span class='ocrx_word' id='word_1_122' title='bbox 976 2073 1168 2146; x_wconf 86' lang='lat' dir='ltr'><strong>Achaintrii,</strong></span> 
     </span>
     <span class='ocr_line' id='line_1_18' title="bbox 142 2173 1168 2258; baseline 0.002 -24"><span class='ocrx_word' id='word_1_123' title='bbox 142 2191 320 2258; x_wconf 76' lang='lat' dir='ltr'><strong>numquam</strong></span> <span class='ocrx_word' id='word_1_124' title='bbox 341 2193 381 2234; x_wconf 89' lang='lat' dir='ltr'><strong>eo</strong></span> <span class='ocrx_word' id='word_1_125' title='bbox 403 2173 555 2247; x_wconf 89' lang='lat' dir='ltr'><strong>consilio,</strong></span> <span class='ocrx_word' id='word_1_126' title='bbox 584 2186 620 2233; x_wconf 89' lang='lat' dir='ltr'><strong>ut</strong></span> <span class='ocrx_word' id='word_1_127' title='bbox 647 2193 760 2234; x_wconf 86' lang='lat' dir='ltr'><strong>eorum</strong></span> <span class='ocrx_word' id='word_1_128' title='bbox 781 2175 819 2234; x_wconf 90' lang='lat' dir='ltr'><strong>in</strong></span> <span class='ocrx_word' id='word_1_129' title='bbox 837 2173 1024 2238; x_wconf 86' lang='lat' dir='ltr'><strong>Iuvenalem</strong></span> <span class='ocrx_word' id='word_1_130' title='bbox 1046 2177 1168 2236; x_wconf 84' lang='lat' dir='ltr'><strong>merita</strong></span> 
     </span>
    </p>

    <p class='ocr_par' dir='ltr' id='par_1_4' title="bbox 62 2274 1275 4098">
     <span class='ocr_line' id='line_1_19' title="bbox 126 2274 1166 2357; baseline 0.002 -25"><span class='ocrx_word' id='word_1_131' title='bbox 126 2278 381 2338; x_wconf 84' lang='lat' dir='ltr'><strong>imminuerem.</strong></span> <span class='ocrx_word' id='word_1_132' title='bbox 425 2274 518 2353; x_wconf 85' lang='lat' dir='ltr'><strong>Quae</strong></span> <span class='ocrx_word' id='word_1_133' title='bbox 532 2295 644 2338; x_wconf 86' lang='lat' dir='ltr'><strong>censor</strong></span> <span class='ocrx_word' id='word_1_134' title='bbox 659 2286 759 2357; x_wconf 84' lang='lat' dir='ltr'><strong>quum</strong></span> <span class='ocrx_word' id='word_1_135' title='bbox 776 2276 992 2352; x_wconf 80' lang='lat' dir='ltr'><strong>doctissimus,</strong></span> <span class='ocrx_word' id='word_1_136' title='bbox 1014 2291 1087 2338; x_wconf 89' lang='lat' dir='ltr'><strong>tum</strong></span> <span class='ocrx_word' id='word_1_137' title='bbox 1104 2276 1166 2336; x_wconf 88' lang='lat' dir='ltr'><strong>ele-</strong></span> 
     </span>
     <span class='ocr_line' id='line_1_20' title="bbox 142 2377 1180 2464; baseline -0.006 -22"><span class='ocrx_word' id='word_1_138' title='bbox 142 2381 347 2462; x_wconf 79' lang='lat' dir='ltr'><strong>gantissimus</strong></span> <span class='ocrx_word' id='word_1_139' title='bbox 372 2379 522 2440; x_wconf 88' lang='lat' dir='ltr'><strong>Donneri</strong></span> <span class='ocrx_word' id='word_1_140' title='bbox 551 2379 755 2464; x_wconf 77' lang='lat' dir='ltr'><strong>germanicae</strong></span> <span class='ocrx_word' id='word_1_141' title='bbox 782 2379 953 2454; x_wconf 84' lang='lat' dir='ltr'><strong>versionis,</strong></span> <span class='ocrx_word' id='word_1_142' title='bbox 991 2391 1022 2438; x_wconf 89' lang='lat' dir='ltr'><strong>et</strong></span> <span class='ocrx_word' id='word_1_143' title='bbox 1051 2377 1180 2456; x_wconf 81' lang='lat' dir='ltr'><strong>Orellii¹</strong></span> 
     </span>
     <span class='ocr_line' id='line_1_21' title="bbox 140 2478 1167 2565; baseline -0.004 -23"><span class='ocrx_word' id='word_1_144' title='bbox 140 2481 334 2565; x_wconf 80' lang='lat' dir='ltr'><strong>Eulogarum</strong></span> <span class='ocrx_word' id='word_1_145' title='bbox 361 2485 398 2544; x_wconf 90' lang='lat' dir='ltr'><strong>in</strong></span> <span class='ocrx_word' id='word_1_146' title='bbox 425 2480 562 2562; x_wconf 87' lang='lat' dir='ltr'><strong>Ephem.</strong></span> <span class='ocrx_word' id='word_1_147' title='bbox 590 2480 652 2542; x_wconf 92' lang='lat' dir='ltr'><strong>litt.</strong></span> <span class='ocrx_word' id='word_1_148' title='bbox 677 2479 864 2542; x_wconf 88' lang='lat' dir='ltr'><strong>leneusibus</strong></span> <span class='ocrx_word' id='word_1_149' title='bbox 894 2481 1013 2564; x_wconf 82' lang='lat' dir='ltr'><strong>passim</strong></span> <span class='ocrx_word' id='word_1_150' title='bbox 1035 2478 1167 2540; x_wconf 84' lang='lat' dir='ltr'><strong>adnota-</strong></span> 
     </span>
     <span class='ocr_line' id='line_1_22' title="bbox 141 2581 1168 2666; baseline -0.004 -22"><span class='ocrx_word' id='word_1_151' title='bbox 141 2587 201 2662; x_wconf 77' lang='lat' dir='ltr'><strong>vit,</strong></span> <span class='ocrx_word' id='word_1_152' title='bbox 231 2585 319 2646; x_wconf 90' lang='lat' dir='ltr'><strong>mihi</strong></span> <span class='ocrx_word' id='word_1_153' title='bbox 346 2585 537 2666; x_wconf 86' lang='lat' dir='ltr'><strong>plerumque</strong></span> <span class='ocrx_word' id='word_1_154' title='bbox 564 2581 801 2644; x_wconf 85' lang='lat' dir='ltr'><strong>satisfecerunt:</strong></span> <span class='ocrx_word' id='word_1_155' title='bbox 830 2585 921 2646; x_wconf 86' lang='lat' dir='ltr'><strong>idem</strong></span> <span class='ocrx_word' id='word_1_156' title='bbox 944 2588 981 2648; x_wconf 85' lang='lat' dir='ltr'><strong>in</strong></span> <span class='ocrx_word' id='word_1_157' title='bbox 1001 2581 1168 2644; x_wconf 89' lang='lat' dir='ltr'><strong>nonnullis</strong></span> 
     </span>
     <span class='ocr_line' id='line_1_23' title="bbox 140 2685 1168 2770; baseline -0.004 -22"><span class='ocrx_word' id='word_1_158' title='bbox 140 2687 232 2770; x_wconf 76' lang='lat' dir='ltr'><strong>locis,</strong></span> <span class='ocrx_word' id='word_1_159' title='bbox 264 2688 323 2748; x_wconf 87' lang='lat' dir='ltr'><strong>ubi</strong></span> <span class='ocrx_word' id='word_1_160' title='bbox 346 2689 478 2769; x_wconf 87' lang='lat' dir='ltr'><strong>propria</strong></span> <span class='ocrx_word' id='word_1_161' title='bbox 497 2687 657 2768; x_wconf 82' lang='lat' dir='ltr'><strong>positunrs</strong></span> <span class='ocrx_word' id='word_1_162' title='bbox 679 2705 784 2763; x_wconf 87' lang='lat' dir='ltr'><strong>eram,</strong></span> <span class='ocrx_word' id='word_1_163' title='bbox 813 2685 1009 2750; x_wconf 89' lang='lat' dir='ltr'><strong>inventionis</strong></span> <span class='ocrx_word' id='word_1_164' title='bbox 1036 2685 1168 2746; x_wconf 88' lang='lat' dir='ltr'><strong>laudem</strong></span> 
     </span>
     <span class='ocr_line' id='line_1_24' title="bbox 143 2788 1169 2874; baseline -0.002 -22"><span class='ocrx_word' id='word_1_165' title='bbox 143 2793 331 2874; x_wconf 77' lang='lat' dir='ltr'><strong>praeripuit.</strong></span> <span class='ocrx_word' id='word_1_166' title='bbox 374 2789 552 2869; x_wconf 84' lang='lat' dir='ltr'><strong>Aliquoties</strong></span> <span class='ocrx_word' id='word_1_167' title='bbox 573 2803 748 2850; x_wconf 87' lang='lat' dir='ltr'><strong>occurrunt</strong></span> <span class='ocrx_word' id='word_1_168' title='bbox 770 2789 955 2854; x_wconf 84' lang='lat' dir='ltr'><strong>Heindorfii</strong></span> <span class='ocrx_word' id='word_1_169' title='bbox 974 2802 1007 2848; x_wconf 87' lang='lat' dir='ltr'><strong>et</strong></span> <span class='ocrx_word' id='word_1_170' title='bbox 1026 2788 1169 2870; x_wconf 80' lang='lat' dir='ltr'><strong>Reinesii</strong></span> 
     </span>
     <span class='ocr_line' id='line_1_25' title="bbox 141 2879 1194 2974; baseline -0.003 -20"><span class='ocrx_word' id='word_1_171' title='bbox 141 2905 252 2956; x_wconf 86' lang='lat' dir='ltr'><strong>notae:</strong></span> <span class='ocrx_word' id='word_1_172' title='bbox 282 2909 419 2974; x_wconf 80' lang='lat' dir='ltr'><strong>quarum</strong></span> <span class='ocrx_word' id='word_1_173' title='bbox 450 2890 507 2952; x_wconf 89' lang='lat' dir='ltr'><strong>has</strong></span> <span class='ocrx_word' id='word_1_174' title='bbox 530 2890 615 2952; x_wconf 89' lang='lat' dir='ltr'><strong>mihi</strong></span> <span class='ocrx_word' id='word_1_175' title='bbox 635 2891 671 2952; x_wconf 89' lang='lat' dir='ltr'><strong>in</strong></span> <span class='ocrx_word' id='word_1_176' title='bbox 690 2895 837 2974; x_wconf 76' lang='lat' dir='ltr'><strong>margine</strong></span> <span class='ocrx_word' id='word_1_177' title='bbox 858 2879 1008 2954; x_wconf 87' lang='lat' dir='ltr'><strong>editionis</strong></span> <span class='ocrx_word' id='word_1_178' title='bbox 1030 2891 1194 2962; x_wconf 73' lang='lat' dir='ltr'><strong>Cizensis,</strong></span> 
     </span>
     <span class='ocr_line' id='line_1_26' title="bbox 141 2985 1165 3078; baseline -0.004 -20"><span class='ocrx_word' id='word_1_179' title='bbox 141 2996 360 3060; x_wconf 77' lang='lat' dir='ltr'><strong>bibliothecae</strong></span> <span class='ocrx_word' id='word_1_180' title='bbox 374 2995 567 3074; x_wconf 84' lang='lat' dir='ltr'><strong>conscriptas</strong></span> <span class='ocrx_word' id='word_1_181' title='bbox 590 2993 639 3054; x_wconf 86' lang='lat' dir='ltr'><strong>cl.</strong></span> <span class='ocrx_word' id='word_1_182' title='bbox 654 2993 879 3078; x_wconf 78' lang='lat' dir='ltr'><strong>Kiesselingius</strong></span> <span class='ocrx_word' id='word_1_183' title='bbox 899 3016 957 3076; x_wconf 90' lang='lat' dir='ltr'><strong>per</strong></span> <span class='ocrx_word' id='word_1_184' title='bbox 978 2985 1165 3066; x_wconf 84' lang='lat' dir='ltr'><strong>Weberum,</strong></span> 
     </span>
     <span class='ocr_line' id='line_1_27' title="bbox 140 3091 1164 3179; baseline -0.004 -19"><span class='ocrx_word' id='word_1_185' title='bbox 140 3091 174 3160; x_wconf 87' lang='lat' dir='ltr'><strong>iu</strong></span> <span class='ocrx_word' id='word_1_186' title='bbox 194 3101 246 3162; x_wconf 85' lang='lat' dir='ltr'><strong>his</strong></span> <span class='ocrx_word' id='word_1_187' title='bbox 264 3097 382 3160; x_wconf 85' lang='lat' dir='ltr'><strong>litteris</strong></span> <span class='ocrx_word' id='word_1_188' title='bbox 403 3095 638 3170; x_wconf 84' lang='lat' dir='ltr'><strong>doctissimum,</strong></span> <span class='ocrx_word' id='word_1_189' title='bbox 661 3096 818 3158; x_wconf 87' lang='lat' dir='ltr'><strong>benevole</strong></span> <span class='ocrx_word' id='word_1_190' title='bbox 839 3099 1069 3179; x_wconf 88' lang='lat' dir='ltr'><strong>suppeditavit,</strong></span> <span class='ocrx_word' id='word_1_191' title='bbox 1090 3098 1164 3158; x_wconf 87' lang='lat' dir='ltr'><strong>illas</strong></span> 
     </span>
     <span class='ocr_line' id='line_1_28' title="bbox 139 3197 1163 3280; baseline -0.004 -16"><span class='ocrx_word' id='word_1_192' title='bbox 139 3216 250 3264; x_wconf 83' lang='lat' dir='ltr'><strong>autem</strong></span> <span class='ocrx_word' id='word_1_193' title='bbox 270 3201 382 3280; x_wconf 83' lang='lat' dir='ltr'><strong>accepi</strong></span> <span class='ocrx_word' id='word_1_194' title='bbox 402 3219 421 3269; x_wconf 80' lang='lat' dir='ltr'><strong>a</strong></span> <span class='ocrx_word' id='word_1_195' title='bbox 438 3197 574 3272; x_wconf 86' lang='lat' dir='ltr'><strong>lacobo,</strong></span> <span class='ocrx_word' id='word_1_196' title='bbox 595 3197 756 3272; x_wconf 88' lang='lat' dir='ltr'><strong>Portensi,</strong></span> <span class='ocrx_word' id='word_1_197' title='bbox 778 3197 862 3260; x_wconf 87' lang='lat' dir='ltr'><strong>mihi</strong></span> <span class='ocrx_word' id='word_1_198' title='bbox 880 3201 1089 3273; x_wconf 69' lang='lat' dir='ltr'><strong>amicissimo,</strong></span> <span class='ocrx_word' id='word_1_199' title='bbox 1111 3200 1163 3260; x_wconf 91' lang='lat' dir='ltr'><strong>Bi-</strong></span> 
     </span>
     <span class='ocr_line' id='line_1_29' title="bbox 138 3284 1183 3386; baseline -0.002 -22"><span class='ocrx_word' id='word_1_200' title='bbox 138 3307 296 3386; x_wconf 82' lang='lat' dir='ltr'><strong>pontinae</strong></span> <span class='ocrx_word' id='word_1_201' title='bbox 319 3303 456 3364; x_wconf 89' lang='lat' dir='ltr'><strong>editioni</strong></span> <span class='ocrx_word' id='word_1_202' title='bbox 481 3301 586 3362; x_wconf 87' lang='lat' dir='ltr'><strong>nitida</strong></span> <span class='ocrx_word' id='word_1_203' title='bbox 612 3303 728 3382; x_wconf 84' lang='lat' dir='ltr'><strong>prioris</strong></span> <span class='ocrx_word' id='word_1_204' title='bbox 754 3304 937 3383; x_wconf 86' lang='lat' dir='ltr'><strong>possessoris</strong></span> <span class='ocrx_word' id='word_1_205' title='bbox 960 3284 1060 3364; x_wconf 81' lang='lat' dir='ltr'><strong>manu</strong></span> <span class='ocrx_word' id='word_1_206' title='bbox 1082 3299 1183 3366; x_wconf 68' lang='lat' dir='ltr'><strong>inter&lt;</strong></span> 
     </span>
     <span class='ocr_line' id='line_1_30' title="bbox 139 3404 1169 3494; baseline -0.003 -26"><span class='ocrx_word' id='word_1_207' title='bbox 139 3407 333 3490; x_wconf 83' lang='lat' dir='ltr'><strong>legendum,</strong></span> <span class='ocrx_word' id='word_1_208' title='bbox 357 3404 443 3486; x_wconf 88' lang='lat' dir='ltr'><strong>quod</strong></span> <span class='ocrx_word' id='word_1_209' title='bbox 469 3418 564 3487; x_wconf 89' lang='lat' dir='ltr'><strong>puto,</strong></span> <span class='ocrx_word' id='word_1_210' title='bbox 593 3404 726 3466; x_wconf 87' lang='lat' dir='ltr'><strong>additas.</strong></span> <span class='ocrx_word' id='word_1_211' title='bbox 769 3405 932 3494; x_wconf 87' lang='lat' dir='ltr'><strong>Pleniores</strong></span> <span class='ocrx_word' id='word_1_212' title='bbox 951 3408 1116 3486; x_wconf 88' lang='lat' dir='ltr'><strong>utriusque</strong></span> <span class='ocrx_word' id='word_1_213' title='bbox 1132 3407 1169 3466; x_wconf 90' lang='lat' dir='ltr'><strong>in</strong></span> 
     </span>
     <span class='ocr_line' id='line_1_31' title="bbox 62 3507 1168 3592; baseline -0.004 -21"><span class='ocrx_word' id='word_1_214' title='bbox 62 3559 72 3578; x_wconf 68' lang='grc'>,</span> <span class='ocrx_word' id='word_1_215' title='bbox 139 3508 290 3570; x_wconf 81' lang='lat' dir='ltr'><strong>futurum</strong></span> <span class='ocrx_word' id='word_1_216' title='bbox 314 3527 409 3570; x_wconf 90' lang='lat' dir='ltr'><strong>usum</strong></span> <span class='ocrx_word' id='word_1_217' title='bbox 440 3509 578 3592; x_wconf 85' lang='lat' dir='ltr'><strong>reposui.</strong></span> <span class='ocrx_word' id='word_1_218' title='bbox 630 3507 800 3572; x_wconf 86' lang='lat' dir='ltr'><strong>Praeterea</strong></span> <span class='ocrx_word' id='word_1_219' title='bbox 830 3511 866 3570; x_wconf 92' lang='lat' dir='ltr'><strong>in</strong></span> <span class='ocrx_word' id='word_1_220' title='bbox 894 3507 1168 3570; x_wconf 87' lang='lat' dir='ltr'><strong>observationibus</strong></span> 
     </span>
     <span class='ocr_line' id='line_1_32' title="bbox 140 3609 1170 3694; baseline -0.001 -21"><span class='ocrx_word' id='word_1_221' title='bbox 140 3612 308 3674; x_wconf 87' lang='lat' dir='ltr'><strong>interdum</strong></span> <span class='ocrx_word' id='word_1_222' title='bbox 326 3609 436 3672; x_wconf 88' lang='lat' dir='ltr'><strong>Caroli</strong></span> <span class='ocrx_word' id='word_1_223' title='bbox 457 3609 591 3692; x_wconf 82' lang='lat' dir='ltr'><strong>Reisigii</strong></span> <span class='ocrx_word' id='word_1_224' title='bbox 610 3613 781 3684; x_wconf 79' lang='lat' dir='ltr'><strong>auctoritas</strong></span> <span class='ocrx_word' id='word_1_225' title='bbox 804 3611 968 3686; x_wconf 87' lang='lat' dir='ltr'><strong>laudatur,</strong></span> <span class='ocrx_word' id='word_1_226' title='bbox 991 3631 1087 3694; x_wconf 90' lang='lat' dir='ltr'><strong>quam</strong></span> <span class='ocrx_word' id='word_1_227' title='bbox 1102 3632 1170 3672; x_wconf 89' lang='lat' dir='ltr'><strong>sae-</strong></span> 
     </span>
     <span class='ocr_line' id='line_1_33' title="bbox 141 3715 1168 3797; baseline -0.002 -21"><span class='ocrx_word' id='word_1_228' title='bbox 141 3733 182 3795; x_wconf 87' lang='lat' dir='ltr'><strong>pe</strong></span> <span class='ocrx_word' id='word_1_229' title='bbox 201 3716 290 3776; x_wconf 88' lang='lat' dir='ltr'><strong>intra</strong></span> <span class='ocrx_word' id='word_1_230' title='bbox 309 3717 448 3797; x_wconf 83' lang='lat' dir='ltr'><strong>privatos</strong></span> <span class='ocrx_word' id='word_1_231' title='bbox 467 3715 606 3795; x_wconf 87' lang='lat' dir='ltr'><strong>parietes</strong></span> <span class='ocrx_word' id='word_1_232' title='bbox 629 3715 791 3789; x_wconf 89' lang='lat' dir='ltr'><strong>consului,</strong></span> <span class='ocrx_word' id='word_1_233' title='bbox 813 3717 841 3779; x_wconf 91' lang='lat' dir='ltr'><strong>si</strong></span> <span class='ocrx_word' id='word_1_234' title='bbox 862 3715 940 3795; x_wconf 87' lang='lat' dir='ltr'><strong>quid</strong></span> <span class='ocrx_word' id='word_1_235' title='bbox 960 3730 1056 3790; x_wconf 85' lang='lat' dir='ltr'><strong>esset,</strong></span> <span class='ocrx_word' id='word_1_236' title='bbox 1080 3720 1168 3775; x_wconf 87' lang='lat' dir='ltr'><strong>cuius</strong></span> 
     </span>
     <span class='ocr_line' id='line_1_34' title="bbox 142 3812 1271 3899; baseline 0.002 -23"><span class='ocrx_word' id='word_1_237' title='bbox 142 3836 253 3880; x_wconf 89' lang='lat' dir='ltr'><strong>veram</strong></span> <span class='ocrx_word' id='word_1_238' title='bbox 265 3820 427 3880; x_wconf 89' lang='lat' dir='ltr'><strong>rationem</strong></span> <span class='ocrx_word' id='word_1_239' title='bbox 451 3812 640 3898; x_wconf 74' lang='lat' dir='ltr'><strong>cognoscere</strong></span> <span class='ocrx_word' id='word_1_240' title='bbox 662 3817 796 3892; x_wconf 87' lang='lat' dir='ltr'><strong>vellem,</strong></span> <span class='ocrx_word' id='word_1_241' title='bbox 820 3820 937 3899; x_wconf 90' lang='lat' dir='ltr'><strong>quique</strong></span> <span class='ocrx_word' id='word_1_242' title='bbox 958 3819 1085 3880; x_wconf 81' lang='lat' dir='ltr'><strong>mihist</strong></span> <span class='ocrx_word' id='word_1_243' title='bbox 1100 3819 1168 3879; x_wconf 88' lang='lat' dir='ltr'><strong>aliis</strong></span> <span class='ocrx_word' id='word_1_244' title='bbox 1265 3847 1271 3856; x_wconf 61' lang='lat'><strong><em>¹</em></strong></span> 
     </span>
     <span class='ocr_line' id='line_1_35' title="bbox 142 3920 1167 4004; baseline -0.002 -22"><span class='ocrx_word' id='word_1_245' title='bbox 142 3920 178 3982; x_wconf 90' lang='lat' dir='ltr'><strong>in</strong></span> <span class='ocrx_word' id='word_1_246' title='bbox 190 3923 354 4002; x_wconf 86' lang='lat' dir='ltr'><strong>praeclara</strong></span> <span class='ocrx_word' id='word_1_247' title='bbox 368 3923 519 3982; x_wconf 89' lang='lat' dir='ltr'><strong>societate</strong></span> <span class='ocrx_word' id='word_1_248' title='bbox 544 3941 601 3984; x_wconf 87' lang='lat' dir='ltr'><strong>sua</strong></span> <span class='ocrx_word' id='word_1_249' title='bbox 618 3923 803 4004; x_wconf 81' lang='lat' dir='ltr'><strong>philologo,</strong></span> <span class='ocrx_word' id='word_1_250' title='bbox 827 3941 924 4001; x_wconf 88' lang='lat' dir='ltr'><strong>quam</strong></span> <span class='ocrx_word' id='word_1_251' title='bbox 938 3920 1033 3982; x_wconf 87' lang='lat' dir='ltr'><strong>lenae</strong></span> <span class='ocrx_word' id='word_1_252' title='bbox 1047 3942 1167 4002; x_wconf 81' lang='lat' dir='ltr'><strong>magno</strong></span> 
     </span>
     <span class='ocr_line' id='line_1_36' title="bbox 145 4021 1275 4098; baseline 0.001 -17"><span class='ocrx_word' id='word_1_253' title='bbox 145 4041 221 4096; x_wconf 86' lang='lat' dir='ltr'><strong>curn</strong></span> <span class='ocrx_word' id='word_1_254' title='bbox 238 4023 361 4085; x_wconf 80' lang='lat' dir='ltr'><strong>fervore</strong></span> <span class='ocrx_word' id='word_1_255' title='bbox 376 4036 407 4084; x_wconf 90' lang='lat' dir='ltr'><strong>et</strong></span> <span class='ocrx_word' id='word_1_256' title='bbox 422 4021 604 4088; x_wconf 85' lang='lat' dir='ltr'><strong>admirabili</strong></span> <span class='ocrx_word' id='word_1_257' title='bbox 617 4027 735 4088; x_wconf 86' lang='lat' dir='ltr'><strong>mentis</strong></span> <span class='ocrx_word' id='word_1_258' title='bbox 751 4025 915 4088; x_wconf 84' lang='lat' dir='ltr'><strong>alacritate</strong></span> <span class='ocrx_word' id='word_1_259' title='bbox 931 4024 1168 4098; x_wconf 83' lang='lat' dir='ltr'><strong>moderabatur,</strong></span> <span class='ocrx_word' id='word_1_260' title='bbox 1263 4033 1275 4053; x_wconf 90' lang='lat'><strong><em>‘</em></strong></span> 
     </span>
    </p>
   </div>
   <div class='ocr_carea' id='block_1_3' title="bbox 0 0 1358 4860">
    <p class='ocr_par' dir='ltr' id='par_1_5' title="bbox 0 0 1358 4860">
     <span class='ocr_line' id='line_1_37' title="bbox 0 0 1358 4860; baseline 0 1"><span class='ocrx_word' id='word_1_261' title='bbox 0 0 1358 4860; x_wconf 95' lang='lat' dir='ltr'><strong> </strong></span> 
     </span>
    </p>
   </div>
  </div>
 </body>
</html>
