2706 4860
270 385 329 454 ra
405 357 406 360 ‘
547 372 1029 474 Ιι).ΙυΝᾸυγΕΝΛιιε
1099 441 1101 457 ,

286 559 352 642 Qui
372 517 515 621 sedetet
535 572 658 640 spectat
679 559 843 620 triscurria
865 557 1093 642 patriciorum,
1244 556 1293 620 100

284 679 475 760 Planipedes
497 678 587 742 audit
608 679 738 754 Fabios,
760 677 865 738 ridere
886 687 992 760 potest
1014 675 1069 755 qui

285 797 528 860 Mamercorum
551 798 668 882 alapas.
710 798 832 878 Quanti
852 816 910 857 sua
930 797 1044 856 funera
1065 783 1224 873 vdndant,

287 917 375 998 Quid
395 917 512 1012 refert?
535 919 680 978 vendunt
700 917 792 978 nullo
815 929 948 999 cogente
970 917 1118 990 Nerone,

284 1037 353 1102 Nec
377 1038 527 1098 dubitant
548 1037 625 1105 ,celsi
647 1037 802 1118 praetoris
823 1037 961 1098 vendere
982 1036 1078 1098 ludis.

190 1159 194 1172 '
284 1158 385 1239 Finge
393 1171 504 1218 tamen
519 1157 639 1238 gladios
654 1158 740 1236 inde,
762 1169 856 1237 atque
872 1156 950 1216 hinc
962 1157 1087 1238 pulpita
1100 1175 1202 1238 pone:
1244 1156 1293 1222 195

262 1312 264 1341 ι
286 1277 374 1358 Quid
394 1277 510 1338 satius?
532 1291 673 1338 mortem
693 1281 737 1340 sic
760 1279 926 1359 quisquam
949 1277 1128 1370 exhorruit,
1158 1289 1196 1337 ut
1217 1278 1255 1338 sit

268 1397 669 1480 ·Zelotypus‘Thymeles„‚
691 1399 811 1480 stupidi
833 1387 956 1478 collega
979 1396 1148 1457 Corinthi?

282 1517 345 1578 Res
368 1517 457 1580 haud
476 1521 560 1580 mira
580 1533 707 1609 tamen,
730 1517 916 1578 citharoedo
938 1518 1101 1599 principe,
1123 1520 1244 1579 mimus

283 1609 419 1701 Nobilis.
461 1638 551 1700 Haec
573 1637 675 1712 ultra,
699 1637 776 1716 quid
789 1631 858 1698 ,erit
878 1639 941 1698 nisi
963 1637 1079 1698 ludus?
1121 1637 1166 1700 Et
1179 1677 1182 1683 -
1197 1625 1274 1700 illud

283 1757 433 1820 Dedecus
454 1757 542 1828 urbis
563 1756 677 1817 habes:
698 1775 760 1816 nec
780 1757 985 1819 mirmillonis
1007 1758 1179 1833 inarmis,
1211 1722 1295 1822 4200
1328 1796 1329 1801 κ

285 1873 356 1963 Nec
377 1879 489 1960 clypeo
513 1875 697 1935 Gracchum
718 1879 918 1956 pugnantem
945 1888 1001 1936 aut
1022 1876 1105 1936 falce
1126 1879 1275 1960 supina,·
1330 1929 1331 1940 ,

286 1997 445 2077 (Damnat
466 1997 555 2058 enim
575 1995 664 2070 tales,
685 1993 813 2054 habitus
835 1991 868 2054 et
891 1994 1023 2054 damnat
1045 2007 1077 2056 et
1099 1987 1180 2078 odit)

196 2193 199 2200 .
285 2115 354 2178 Nec
376 2117 468 2200 galea
487 2116 607 2176 faciem
628 2113 812 2174 abscondit:
833 2122 943 2176 movet
964 2135 1038 2176 ecce
1059 2115 1244 2208 tridentem,¹
1291 2112 1297 2129 ⁶
1329 2123 1334 2156 '1

284 2227 463 2316 Postquam
479 2235 597 2296 librata
617 2231 794 2318 pendentia
813 2237 897 2296 retia
919 2233 1029 2295 dextra

283 2347 511 2437 Nequidquam
533 2354 655 2426 effudit,
676 2352 803 2431 nudum
815 2355 857 2415 ad
877 2354 1060 2436 spectacula
1074 2353 1204 2418 vultum
1243 2353 1297 2421 205
1336 2407 1337 2424 2

282 2476 387 2558 Erigit
409 2490 441 2537 et
462 2489 532 2560 tota
551 2475 636 2557 firgit
651 2475 869 2556 agnoscendus
892 2493 998 2562 arena.
1144 2455 1147 2462 ¹

285 2595 462 2656 Credamus
483 2593 629 2668 tunidae,
653 2595 692 2653 de
713 2594 859 2654 faucibus
881 2613 980 2655 aurea
1002 2615 1101 2677 quum
1121 2615 1156 2659 sa

284 2713 431 2796 Porrigat
453 2725 485 2773 et
506 2713 604 2794 longo
626 2715 763 2804 iactetur
785 2715 872 2798 spira
884 2715 1001 2796 galero.

246 2921 254 2928 .
284 2832 369 2914 Ergo
391 2835 607 2914 ignominiam
628 2834 807 2914 graviorem
827 2836 961 2916 pertulit
981 2838 1074 2898 omni

155 3001 158 3010 .
239 2951 527 3014 'Vulnere‘cum
543 2951 697 3020 *Graccho
718 2953 818 3014 iussus
840 2959 985 3037 pu'gnare
1005 2971 1140 3018 secutor.
1230 2931 1301 3021 010

348 3075 467 3138 Libera
487 3076 514 3136 si
536 3073 654 3134 dentur
674 3075 795 3156 populo
817 3075 983 3157 suffragia,
1007 3080 1075 3158 quis
1097 3091 1167 3138 tam
1234 3112 1237 3122 ·

283 3194 446 3268 Perditus‚
467 3209 505 3255 ut
527 3194 830 3256 dubitetsenecam
850 3195 1019 3276 praeferre
1033 3197 1173 3276 Neroni,
1222 3229 1252 3272 „-

288 3312 386 3374 Cuius
407 3314 565 3396 supplicio
586 3335 654 3378 non
677 3311 788 3376 debuit
808 3335 874 3376 una
894 3307 1025 3398 parari·
1222 3298 1225 3304 ’

285 3431 388 3494 Simia
413 3452 475 3495 nec
495 3453 624 3515 serpens
644 3453 727 3494 unus
754 3453 816 3496 nec
838 3435 948 3495 culeus
969 3437 1075 3496 unus?
1101 3447 1111 3471 '¹
1181 3517 1185 3525 Ι

285 3553 349 3616 Par
370 3553 666 3635 Agamemnonidae
689 3545 819 3630 crunon,
841 3555 897 3615 sed
919 3573 1012 3616 causa
1032 3556 1111 3618 facit
1128 3553 1200 3618 rem
1242 3553 1300 3622 215

286 3673 498 3735 Dissimilem:
521 3673 639 3754 quippe
660 3673 716 3734 ille
740 3675 805 3736 deis
828 3675 1009 3736 auctoribus
1030 3678 1125 3736 ultor'

286 3780 390 3854 Patris
412 3809 480 3855 erat
503 3796 586 3854 caesi
606 3794 715 3880 media
736 3797 821 3856 inter
841 3795 972 3876 pocula:
994 3795 1049 3858 sed
1069 3815 1131 3858 nec

184 3972 187 3995 ¹
254 3917 258 3940 '
285 3905 434 3974 Electrae
454 3914 566 3995 iugulo
587 3933 621 3976 se
641 3915 761 3998 polluit
782 3927 838 3978 aut
859 3913 1008 3997 Spartani

165 4111 167 4116 Ι
285 4030 451 4116 Sanguine·
468 4035 626 4116 coniugii:
648 4035 746 4100 nullis
764 4036 894 4099 aconita
914 4005 1101 4122 properauit
1165 4055 1167 4060 ·
