2648 4858
331 409 615 519 samar
658 411 727 478 xv.
874 403 1053 506 sare
1119 434 1122 442 ·

43 589 169 648 Laetum
190 585 390 668 hilaremque
412 586 515 661 diem,
542 599 586 647 ne
607 603 744 668 magnae
765 561 891 670 gaudia¹
904 607 1025 652 coenae
1059 559 1062 566 Ι
1148 601 1151 618 ·

42 709 209 782 Sentirent,
231 709 341 790 positis
361 707 402 768 ad
422 699 599 787 templa'et
620 707 763 788 compita
783 709 902 769 mensis
971 738 976 748 =

41 828 247 908 Pervigilique
267 839 357 902 toro,
378 843 475 908 quem
495 839 591 902 nocte
613 845 651 888 ao
672 828 752 888 luce·
769 829 931 904 iacentem

40 948 191 1029 Septimus
213 946 379 1008 interdum
400 947 453 1008 sol
467 949 601 1010 invenit.
644 947 785 1008 Horrida
807 965 883 1009 sane

14 1123 15 1130 ,
39 1069 207 1150 Aegyptus:
229 1065 285 1126 sed
307 1067 448 1140 luxuria,
472 1081 629 1148 quantum
649 1070 719 1150 ipse
740 1069 868 1147 notavi,
1011 1063 1061 1144 45
1092 1049 1097 1060 ⁰

40 1188 171 1250 Barbara
191 1187 314 1248 famoso
329 1205 405 1246 'non
426 1188 511 1248 cedit
531 1187 629 1248 turba
651 1188 794 1270 Canopo.

42 1309 139 1383 lade,
163 1307 250 1390 quod
271 1317 310 1367 et·
324 1305 428 1368 facilis
449 1309 585 1369 victoria
607 1307 646 1368 de
666 1309 804 1370 madidis
826 1322 859 1396 et

42 1430 148 1490 Blaesis
171 1441 267 1509 atque
288 1447 378 1487 mero
400 1428 623 1490 titubantibus.
667 1427 748 1489 Inde
769 1430 913 1489 virorum

46 1549 171 1610 saltatus
192 1550 286 1640 nigro
307 1547 456 1623 tibicine,
486 1550 720 1630 qualiacunque
1135 1519 1141 1550 ⁸

44 1670 206 1750 Unguenta
228 1681 261 1728 et
282 1667 376 1728 flores
397 1669 582 1750 multaeque
603 1669 640 1730 in
660 1668 943 1729 fronte-coronae:
1014 1636 1080 1734 60¹¹
1122 1752 1125 1762 Δ
1165 1693 1167 1700 ’

44 1788 120 1850 Hinc
140 1791 288 1850 ieiunum
303 1787 423 1849 odium.
466 1787 530 1850 Sed
550 1790 655 1880 iurgia
675 1789 782 1869 prima
802 1797 916 1848 sonare

43 1909 197 1992 Incipiunt
219 1909 335 1970 animis
357 1905 558 1968 ardentibust
580 1907 661 1968 haec
682 1907 762 1970 tuba
783 1908 881 1969 rixae.

43 2028 120 2090 Dein
140 2031 283 2090 clamore
303 2029 374 2111 pari
398 2029 618 2102 connutritae,
640 2040 673 2088 et
696 2029 765 2088 vice
781 2027 841 2088 teli

12 2111 14 2128 ‚
42 2147 137 2210 Saevit
158 2149 247 2209 nuda
267 2169 399 2210 mantis:
420 2141 544 2228 pbucae
565 2149 633 2208 sine
655 2147 789 2208 vulnere
810 2147 932 2226 malae:
1035 2148 1037 2154 '

42 2269 96 2329 Vix
116 2271 284 2350 cuiquam,
308 2282 363 2329 aut
384 2268 468 2328 nulli
489 2279 558 2326 toto
582 2267 757 2326 certamine
781 2285 875 2326 nanas
1015 2261 1060 2330 65

11 2387 12 2390 ’
43 2387 170 2472 Integer.
214 2363 400 2511 Adspiqeres
422 2389 490 2448 iam
513 2399 630 2448 cuncta
650 2379 708 2470 per
730 2384 860 2466 agmina
881 2383 997 2456 vultus,

43 2505 212 2581 Dimidios,
235 2509 312 2570 alias
334 2509 429 2570 facies
453 2519 485 2568 et
506 2505 631 2568 hiantia
651 2503 753 2588 ruptis
991 2499 1001 2512 “

45 2626 114 2690 Ossa
134 2629 241 2711 genis,
262 2630 374 2710 plenos
396 2629 566 2690 ocrrlorum
586 2627 742 2709 sanguine
762 2642 897 2708 pugnos.

43 2745 162 2809 Ludere
184 2767 217 2808 se
239 2748 375 2810 credunt
395 2750 458 2830 ipsi
478 2761 590 2809 tamen
613 2759 645 2806 et
666 2747 807 2828 pueriles
883 2785 885 2788 -

43 2864 190 2928 Exercere
213 2869 309 2944 acies,
333 2869 418 2950 quod
438 2869 530 2930 nulla
552 2838 708 2932 cadavera
730 2866 865 2928 calcent.
1017 2865 1085 2930 60⁴

43 2981 79 3044 Et
100 3005 173 3046 sane
196 3007 259 3067 quo
280 2999 329 3048 tot
350 2987 490 3049 rixandis
511 2985 617 3046 millia
638 2985 769 3062 turbae,

46 3102 75 3164 Si
94 3108 205 3167 vivunt
227 3108 360 3167 omnes?
394 3080 487 3188 Ergo
510 3105 614 3166 acrior
635 3107 791 3187 impetus,
813 3117 846 3164 et
866 3104 935 3166 iam

45 3221 117 3286 Saxa
136 3227 299 3288 inclinatis
320 3247 379 3308 per
401 3226 541 3288 humum
564 3227 708 3306 quaesita
729 3223 857 3286 lacertis

44 3341 386 3429 Incipiunttorquere,
415 3346 591 3407 domestica
611 3345 772 3407 seditione
792 3315 796 3328 ι

45 3460 126 3538 Tela,
146 3485 207 3529 nec
229 3465 318 3526 hunc
332 3466 484 3548 lapidem,
507 3465 615 3546 quales
631 3479 664 3526 et
677 3445 807 3528 Turnus
829 3477 863 3526 et
884 3447 976 3540 Aiax,
1020 3456 1064 3526 65
1093 3521 1100 3542 x
1145 3507 1152 3524 ,

47 3579 102 3642 Vel
123 3605 184 3665 quo
206 3585 346 3667 Tydides
368 3587 523 3667 percussit
544 3585 687 3668 pondere
709 3605 836 3648 coxam.

12 3677 13 3684 ἵ
45 3701 177 3766 Aeneae:
200 3705 257 3766 sed
279 3723 375 3786 quem
395 3706 530 3768 valeant·
547 3707 695 3768 emittere
717 3706 848 3768 demae

49 3820 110 3884 Illis
132 3826 298 3887 dissimiles
321 3836 353 3884 et
373 3837 481 3886 nostro
503 3839 650 3908 tempore
671 3837 776 3886 natae.
862 3905 865 3913 ι

48 3941 128 4004 Nam
149 3945 333 4028 genus'hoc
355 3945 427 4004 vivo
450 3946 517 4006 iam
539 3943 741 4006 decrescebat
760 3943 913 4004 Homero.

49 4059 140 4127 Terra
160 4067 260 4130 malos
282 4065 431 4128 homines
453 4085 548 4129 nunc
563 4066 680 4130 educat
702 4077 797 4147 atque
819 4065 959 4148 pusillos.
1019 4029 1072 4126 7'0‘
