2706 4860
191 459 292 508 'vt

462 515 517 547 a&

156 687 159 696 ¹
256 619 463 700 prudentiam
485 617 521 676 in
548 599 682 694 agendo,
705 611 921 674 constantiani
940 611 1195 690 in‘ersequendo
1211 616 1288 686 om·
1349 613 1350 674 f

255 741 311 802 nes
333 723 500 782 intuemur
522 731 555 778 et
572 715 779 798 suspicimus«
871 781 893 801 Η

278 843 280 851 ’
330 824 409 890 Etsi
437 824 537 904 igitur
564 819 627 882 hac
650 831 802 900 exparte
830 837 928 877 nemo
957 815 1041 878 mihi
1072 817 1149 876 vitio
1173 830 1287 890 vertet,

254 909 340 1010 quod
361 925 449 988 hunc
472 925 663 1004 scriptorem
694 921 822 982 nomini
854 918 943 981 TUO
971 915 1189 1002 inscripserim
1216 941 1288 984 ma·

252 1029 388 1112 gnifico‚
419 1041 515 1090 erunt
541 1041 654 1087 tamen
675 1025 822 1098 fortasse,
851 1024 906 1103 qui
930 1025 991 1096 ea,
1022 1042 1103 1102 quae
1130 1025 1198 1107 ipse
1229 1020 1286 1085 de·
1349 1065 1350 1102 p

253 1135 304 1207 di,
339 1153 406 1200 non
433 1134 515 1206 satis¹
538 1130 635 1211 digna
665 1128 774 1188 dicent
811 1125 905 1188 TUO
931 1125 1101 1207 splendore
1130 1141 1163 1222 et
1196 1127 1286 1189 fasti·
1349 1167 1350 1190 t

251 1239 315 1320 gio,
337 1239 373 1298 in
398 1255 460 1317 quo
477 1233 541 1295 TU
550 1233 726 1303 collocatus
739 1250 779 1290 es.
812 1230 916 1309 Atque
938 1231 1005 1310 ipse
1027 1249 1081 1290 me
1101 1250 1170 1290 non
1190 1231 1284 1312 igno·
1349 1261 1350 1312 p

250 1361 322 1402 rare
344 1339 465 1409 fateor,
489 1357 586 1418 quam
609 1337 763 1416 exiguum
784 1331 949 1394 sithocce
969 1353 1102 1410 munus,
1130 1333 1185 1394 sed
1205 1321 1284 1398 in‘si·

250 1445 319 1524 gnis
346 1441 436 1502 TUA
458 1441 644 1503 humanitas
665 1450 697 1498 et
719 1435 926 1516 indulgentia
946 1435 1041 1510 fecit,
1063 1449 1188 1499 utnon
1210 1439 1283 1500 diu-
1349 1425 1350 1488 l

249 1547 313 1612 tius
327 1546 529 1616 sustinerem,
551 1561 607 1614 ne,
627 1541 714 1620 quod
724 1541 759 1600 in
777 1551 909 1620 promtu
923 1539 1094 1614 habebam,
1117 1539 1282 1616 offerrem,
1349 1545 1350 1596 l

249 1660 282 1706 et
303 1647 365 1706 hac
388 1647 555 1720 occasione
580 1655 711 1724 gratum
741 1644 843 1702 animi
870 1643 936 1702 mei
966 1661 1095 1703 sensum
1116 1663 1164 1704 ex·
1179 1647 1282 1710 tacita
1349 1645 1350 1706 3

249 1749 445 1811 conscientia
468 1748 509 1816 ad
530 1745 698 1828 publicam
719 1745 871 1805 notitiam
892 1765 1085 1826 promerem.

335 1841 489 1930 Suscepta
510 1852 640 1910 anima
675 1847 746 1922 TE,
779 1845 854 1908 VIR
875 1847 1151 1924 MAGNIFICE,
1180 1852 1278 1916 huius
1349 1843 1350 1916 l

250 1952 419 2034 Gymnasii
449 1973 542 2026 cura,
571 1952 666 2012 rebus
696 1953 763 2011 eius
792 1963 862 2012 tam
888 1949 1027 2032 benigne
1056 1966 1089 2018 et
1116 1956 1299 2036 sapienter,

246 2059 455 2140 prospexisti,
483 2069 521 2116 ut
542 2074 600 2116 nos
623 2073 764 2140 omnes,
785 2053 840 2134 qui
868 2051 927 2114 ΤΕ
950 2055 1131 2120 studiorum
1152 2071 1278 2123 nostro-

140 2197 142 2206 «
228 2169 321 2221 'rum
342 2173 518 2244 patronum
540 2172 572 2220 et
594 2171 739 2218 tutorem
760 2157 850 2219 nacti
870 2175 995 2230 sumus,
1029 2179 1069 2219 ex
1091 2164 1199 2224 animo
1221 2185 1276 2226 ve·
1349 2145 1350 2204 Ῐ

244 2260 417 2326 hementer
442 2263 649 2350 gaudeamus.
692 2260 818 2322 Recens
848 2259 953 2325 adhuc
987 2274 1049 2337 est,
1079 2263 1196 2348 diuque
1222 2288 1278 2328 re-

212 2369 216 2378 '
242 2379 374 2438 oentem
392 2369 529 2448 gratiam
554 2363 771 2444 conservabit,
800 2362 1014 2439 beneficium,
1038 2368 1275 2458 quodpraece-

243 2483 377 2554 ptorum
400 2469 622 2530 conditionem
644 2469 836 2528 auctoritate
863 2467 954 2528 TUA
975 2471 1159 2550 gravissima
1181 2475 1272 2534 adiu-

169 2559 171 2572 *
241 2572 331 2646 visti,
368 2559 484 2649 eosque
511 2571 669 2638 uberioris
703 2569 938 2631 beneficentiae
974 2571 1131 2634 fructibus
1161 2590 1272 2638 auctos

240 2694 307 2736 esse
329 2673 469 2734 voluisti.
512 2671 576 2732 Sed
598 2673 753 2753 quoniam
773 2672 875 2753 probe
895 2675 1113 2756 intelligebas,
1135 2696 1202 2738 non
1222 2699 1272 2744 sa·
1349 2661 1350 2692 r

238 2779 280 2844 tis
308 2796 390 2848 esse,
423 2777 450 2837 si
477 2776 620 2836 muneris
652 2773 796 2836 eiusdem
827 2777 906 2848 socii
934 2780 1072 2840 externis
1093 2779 1185 2842 bonis
1206 2784 1270 2846 sibi
1349 2771 1350 2844 ἶ

241 2879 481 2962 quodammodo
495 2898 587 2960 pares
599 2879 672 2940 sint.
697 2879 759 2939 nisi
782 2880 895 2940 eadem
907 2883 1105 2943 auctoritatis
1128 2886 1270 2966 aequali·

239 2997 287 3044 tas
311 2983 457 3055 accedat,
487 2961 610 3043 idcirco
639 2979 788 3052 effecisti,
824 2994 861 3042 ut
889 2965 1108 3046 inveteratum
1128 2988 1213 3051 illud
1234 3002 1269 3050 et
1349 2967 1350 3040 ἦ

236 3087 352 3148 nostris
375 3083 575 3180 temporibus
596 3085 704 3149 minus
719 3085 999 3149 accommodatum
1019 3090 1268 3170 praeceptorum

238 3191 459 3261 classicorum,
482 3207 561 3270 quos
585 3185 742 3248 Germani
766 3189 892 3262 dicunt,
914 3189 1099 3279 institutum
1120 3212 1188 3254 non
1208 3216 1268 3258 no-
1312 3251 1315 3260 ,

236 3295 326 3376 mine
348 3304 492 3365 tantum,
525 3293 581 3351 sed
609 3289 643 3353 ui
665 3293 765 3354 etiam
787 3304 819 3356 et
841 3303 998 3372 potestate
1021 3305 1151 3356 eatenus
1171 3299 1267 3362 tolle·
1349 3337 1350 3376 3

233 3409 333 3470 retur,
356 3363 511 3476 qbatenus
534 3396 633 3456 etiam
654 3387 772 3474 reliqui
794 3406 1015 3478 praeceptores
1031 3417 1090 3478 pro
1105 3415 1162 3460 suo
1183 3403 1267 3478 iure,

235 3496 322 3580 quod
343 3501 459 3578 cuique
482 3515 558 3556 cum
579 3515 716 3566 munere
738 3497 807 3582 ipso
820 3499 977 3560 traditum
1000 3514 1055 3576 est,
1078 3518 1171 3586 agere
1192 3523 1265 3583 pos·
1349 3487 1350 3582 l

231 3614 312 3673 sent,
333 3621 438 3682 neque
460 3619 493 3662 se
509 3603 545 3663 in
556 3601 668 3666 officiis
681 3600 823 3662 colendis
834 3600 1005 3682 impeditos
1024 3616 1056 3663 et
1072 3606 1180 3666 animo
1192 3617 1265 3686 per·

230 3703 376 3766 turbatos
403 3724 652 3786 nonnumquam
680 3706 839 3768 sentirent
871 3724 926 3778 eo,
970 3705 1057 3784 quod
1086 3708 1166 3770 alius
1194 3710 1264 3770 vim
1349 3707 1350 3782 l

230 3807 314 3876 iusto
336 3809 504 3881 maiorem,
526 3809 587 3890 ipsi
608 3826 685 3868 sane
708 3807 886 3883 laetiorem,
908 3808 963 3869 sed
986 3809 1172 3889 disciplinae
1193 3829 1263 3874 non
1349 3823 1350 3892 ξ

229 3911 337 3972 minus
368 3930 405 3970 ac
434 3911 549 3972 litteris
588 3912 855 3992 perniciosiorem
883 3913 1084 3999 anticiparet.
1127 3909 1166 3970 ld
1193 3912 1261 3976 iam
1349 3895 1350 3926 ³

229 4014 302 4076 satis
330 4013 529 4073 auctoritatis
557 4012 672 4076 afferat
701 4033 830 4076 necesse
864 4029 925 4087 est,
964 4015 1049 4096 quod
1074 4015 1113 4086 ii,
1147 4015 1263 4094 quibus
1349 4023 1350 4026 ’

231 4117 374 4198 custodia
396 4116 491 4186 unius
502 4115 742 4208 discipulorum¹
761 4119 882 4186 ordinis
899 4116 1092 4184 demandata
1114 4130 1171 4194 est,
1192 4139 1263 4184 om·
1349 4157 1350 4168 κ
