2648 4858
201 371 207 381 ’
291 409 353 472 nr
424 431 434 468 s
499 374 502 386 ’
592 399 1003 470 ιΝΝοιιΤιοΝιε
1131 405 1135 412 ·

213 623 214 629 1
290 579 444 664 armiger,
477 579 530 660 qui
552 596 619 640 non
640 572 745 652 talos,
766 573 956 660 ut‘q'uidam
984 590 1131 658 peruerse
1154 553 1311 658 interpre·¹

288 711 414 774 tantur,
443 699 498 758 sed
527 699 678 780 pecunias
709 699 749 758 ad
777 697 957 758 ludendum
978 696 1123 776 porrigit.
1167 699 1290 778 Disper-

288 831 400 878 satore
427 819 593 898 armigero
623 817 755 878 ablativi
779 815 915 876 absoluti
939 804 1022 879 suut.
1065 813 1119 875 'De
1153 817 1289 898 dispensa-

288 947 357 996 tore
380 936 452 997 vide
481 939 576 1020 plura
603 905 638 997 in
670 950 747 996 nota
769 935 947 1000 Burmanni
977 933 1017 994 ad
1043 934 1174 1003 Petrdn.
1202 940 1227 998 'c.
1251 941 1289 1001 36.

288 1057 383 1136 Apud
404 1057 510 1118 Plaut.
533 1057 620 1117 Men.
644 1057 676 1130 I,
707 1061 742 1132 3,
767 1061 794 1120 3.
818 1057 949 1138 parasiti
969 1027 1145 1136 proelium¹
1166 1077 1289 1140 congres-

288 1192 360 1234 sum
380 1177 415 1236 in
436 1195 547 1237 mensa
568 1177 754 1258 patinarum
775 1188 905 1236 vocant:
935 1173 1021 1256 »Ego
1055 1177 1133 1238 istie
1153 1179 1231 1240 mihi
1248 1147 1289 1240 io·

288 1295 347 1354 die
364 1298 528 1376 apparari
553 1297 635 1359 iussi
658 1297 750 1378 apud
773 1310 806 1356 te
830 1295 1001 1378 proelium
1046 1295 1099 1358 In
1104 1317 1144 1358 eo
1174 1309 1289 1380 uterque

109 1397 114 1416 ¹
216 1455 220 1461 -
265 1435 355 1493 pro
369 1415 432 1475 Ilio
455 1403 648 1496 potabimus.
692 1415 785 1476 Persa
817 1415 859 1488 Ι.,
890 1419 926 1488 3,
953 1417 1005 1480 32
1034 1414 1106 1478 Vid.
1136 1418 1286 1480 Forcellin

286 1533 377 1595 lexic
400 1555 422 1598 s.
447 1535 478 1599 h
505 1559 532 1595 v

278 1679 282 1683 ·
347 1655 423 1714 ·.Vs
446 1657 497 1718 93.
521 1652 762 1738 interpretando
784 1653 868 1712 nihil
882 1653 1089 1734 profecerunt
1108 1655 1287 1737 interpretes,

195 1769 216 1786 ⁰
285 1775 342 1836 alii
365 1775 507 1836 reddere
529 1795 589 1855 per
609 1778 784 1834 restituere
814 1773 1023 1852 explicantes,
1054 1773 1110 1835 alii
1132 1775 1288 1858 idsimpli·

286 1895 330 1954 cis
353 1893 438 1954 dare
461 1893 526 1952 vim
548 1893 666 1952 habere
690 1859 914 1954 existimantes
958 1893 1119 1954 Neutrum
1147 1903 1224 1976 opus
1245 1909 1287 1964 est,

284 2025 479 2120 quarnquam
505 2009 628 2070 fectum
651 2029 903 2092 nonnumquam
925 2026 987 2088 est,
1015 2027 1052 2074 ut
1079 2013 1221 2076 Romani
1239 2035 1289 2074 res·
1312 1971 1313 2074 1

283 2147 351 2194 tem
379 2131 551 2216 perderent
578 2133 662 2206 alea,
700 2133 785 2212 quod
815 2131 944 2212 quidem
974 2151 1012 2192 ex
1040 2131 1145 2194 Plaut
1176 2134 1288 2194 Cuicul.

283 2267 343 2315 act.
372 2253 412 2313 ΙΙ.
442 2271 482 2312 sc.
512 2254 571 2314 ult.
601 2257 750 2334 apparet,
792 2265 824 2312 et
860 2251 1042 2332 exemplu
1033 2273 1069 2312 ιιι
1095 2253 1210 2318 Horat.
1243 2265 1287 2314 ιιι.

280 2389 364 2457 poet.
398 2393 440 2434 vs.
464 2377 494 2438 8.
518 2386 549 2433 et
570 2374 697 2434 Lucret.
720 2374 782 2440 lib,
801 2371 861 2446 ΙΙ.,
890 2369 963 2434 512.
995 2373 1217 2452 reperiuntur,
1243 2373 1287 2432 ubi

281 2496 422 2555 reddere
438 2494 535 2568 idem,
558 2495 643 2574 quod
659 2495 741 2553 dare
755 2493 922 2574 significat.
964 2489 1098 2573 Propria
1112 2495 1202 2554 enim
1217 2493 1287 2552 verbi

279 2613 470 2694 significatio
508 2611 619 2692 quidni
661 2613 733 2672 loco
770 2625 844 2694 apta
882 2613 950 2674 est?
996 2613 1151 2672 Profecto
1163 2599 1164 2602 ¹
1185 2612 1287 2674 verissi-

202 2703 209 2715 1
281 2754 352 2807 ma,
375 2731 513 2793 adducto
534 2714 598 2793 Sat.
621 2731 677 2791 lX.
700 2751 793 2792 versu
814 2733 868 2796 68.
913 2732 1001 2812 Quid
1026 2733 1134 2795 dicam
1158 2732 1287 2814 scapulis

276 2844 454 2935 puerorum
496 2829 666 2934 ‘Aquilone'
700 2849 876 2911 Decembri
909 2849 953 2912 Et
988 2853 1156 2934 pedibus?
1211 2853 1286 2914 Dicit
1311 2853 1312 2934 i

277 2987 388 3057 poeta:
409 2973 548 3034 ‘Nonne
574 2969 721 3032 inaudita
753 2971 876 3032 insania
906 2985 967 3046 est,
997 2986 1129 3034 centurn
1151 2976 1286 3036 sestertiis

277 3097 421 3170 amissis,
446 3111 573 3156 servum
589 3089 750 3153 'redeunte
772 3092 895 3168 hieme,
919 3111 1018 3174 quum
1039 3094 1158 3176 frigore
1180 3072 1285 3166 horret,

194 3243 217 3295 J
275 3235 342 3276 non
365 3215 470 3275 denuo
493 3215 633 3276 vestire?
723 3283 724 3288 γ
1016 3185 1019 3194 ¹

471 3417 734 3526 surina
777 3347 1100 3514 noan-da

316 3571 407 3634 Pone
430 3565 644 3652 Tigellinum:
665 3575 759 3639 taeda
781 3573 901 3636 lucebis
923 3575 1047 3648 inille,
1084 3595 1086 3598 ·
1140 3576 1142 3582 ’

319 3693 392 3772 Qua
413 3703 531 3752 stantes
555 3691 683 3766 ardent,
706 3697 760 3775 qui
782 3693 846 3754 fixo
868 3707 997 3776 gutture
1019 3695 1172 3771 fumant,

149 3789 153 3814 ¹
225 3863 230 3872 .
317 3797 358 3871 Et
379 3803 484 3873 latuin
505 3811 615 3872 media
634 3812 777 3874 culorum
800 3815 922 3876 diducis
944 3833 1051 3876 arene

358 3931 456 4007 Haec,
480 3927 560 4012 quoe
582 3931 618 3993 in
638 3935 808 3994 novissima
832 3916 968 4016 Ruperti
988 3933 1131 3996 editione
1152 3941 1282 4015 expressa
1310 3889 1311 3976 1

273 4051 438 4132 leguntur,
467 4047 550 4118 mihi
577 4045 742 4114 videntur
748 4053 928 4134 probanda,
961 4068 994 4113 at
1015 4055 1056 4114 de
1078 4057 1281 4136 explicatione
