2676 4860
947 202 955 238 l

275 413 339 528 sos
491 515 493 520 .
533 491 537 502 .
578 447 992 530 ‘annotationes'

470 645 591 710 sar
613 648 679 710 ιιι
705 649 743 752 ι’
773 611 866 726 nv,
888 669 931 711 vs.
952 649 1112 746 70-725
1138 672 1140 680 v

292 787 454 892 ¹Gratuita
476 813 540 878 est,
561 805 647 888 quod
667 787 790 888 patriae
813 795 918 868 cive'm
937 801 1128 888 populoque*
1148 787 1278 882 dedisti,

281 919 284 926 ’
313 925 349 987 Si
370 926 464 1000 facis,
485 938 523 986 ut
544 926 666 1006 patriae
687 926 729 986 sit
749 925 899 1000 idoneus,
920 927 1009 987 utilis
1032 926 1133 1012 agris,
1221 906 1224 914 ¹

294 1021 411 1122 ⁴Utilis
434 1057 466 1106 et
487 1045 812 1136 bellorumettpa'cis
835 1023 1102 1154 rebusppendis.¹

270 1233 434 1298 Bentleius
457 1232 498 1296 ad
519 1232 632 1294 Horat.
652 1232 711 1294 lib.
731 1224 798 1306 ·Ill‚
821 1231 873 1294 od.
895 1229 951 1307 VI,
973 1254 1016 1298 vs.
1039 1232 1094 1298 20⁶
1115 1237 1296 1315 patriaein

101 1355 103 1369 '
162 1417 166 1429 ,
269 1355 425 1438 patribus
444 1355 597 1426 mutavit,
626 1367 663 1414 ut
684 1364 841 1433 perpetua
862 1352 921 1412 illa
942 1353 1083 1414 formula
1104 1370 1225 1435 patres
1242 1379 1288 1436 po·

269 1475 451 1556 pulusque,
476 1493 536 1554 qua
558 1486 692 1567 poetae,
714 1467 797 1531 sieut
817 1490 930 1551 prosae
953 1475 1107 1534 orationis
1130 1478 1294 1556 scriptores

213 1595 232 1623 ι’
268 1609 405 1656 emanas
424 1593 629 1676 populusque
649 1593 837 1666 Romanus,
870 1603 1058 1664 uterentur,
1076 1606 1078 1616 ’
1095 1597 1295 1656 conservare·

96 1768 99 1776 ,
205 1726 207 1731 ’
269 1691 333 1773 tur.
376 1686 464 1772 Tuni
486 1713 585 1772 etiam
614 1723 793 1792 tantopere*
816 1711 960 1772 offendit!
980 1714 1015 1772 in
1045 1719 1124 1774 v'oce
1150 1717 1296 1796 repetita,

267 1843 306 1890 ut
327 1831 536 1892 exclamaret:
563 1831 658 1906 Vah,
682 1850 779 1911 quam
807 1831 943 1892 inficeta
969 1843 1001 1892 et
1021 1836 1235 1896 inconcinna
1255 1855 1299 1895 re·

268 1949 384 2031 petitio
414 1963 460 2010 est
491 1952 640 2032 patriae,
675 1952 828 2031 patriae!
870 1949 914 2052 At
934 1953 1093 2070 repetitio
1107 1953 1169 2014 ad
1163 1969 1299 2016 senten·

266 2065 348 2130 tiam
369 2067 432 2130 hoc
453 2049 545 2144 lucc,
574 2084 611 2130 ut
641 2067 719 2132 alibi
745 2071 953 2152 saepissime,
971 2071 1218 2154 pernecessaria
1248 2089 1300 2147 est,

237 2197 239 2204 ’
267 2199 301 2248 et
322 2201 431 2250 errant
450 2209 567 2252 omnes
587 2189 627 2266 ii,
658 2189 713 2271 qui
742 2188 828 2271 apud
856 2191 972 2294 latinop
994 2203 1102 2273 poetas
1125 2195 1242 2256 nescio
1266 2213 1300 2255 ex

268 2327 337 2422 qua
352 2309 571 2390 praeiudicata
592 2310 746 2392 opinione
778 2309 907 2370 easdem
938 2319 1030 2372 voces
1057 2313 1105 2373 bis
1128 2293 1225 2373 terve
1247 2335 1299 2395 po

266 2429 350 2490 sitas
365 2429 498 2490 omnino
528 2449 623 2512 aegre
642 2415 783 2490 ier'antu
802 2429 853 2490 Ad
882 2449 958 2512 quos
970 2417 1064 2491 inde
1091 2453 1219 2494 errores
1243 2435 1299 2495 cri·

265 2548 358 2609 ticus
369 2548 442 2612 ille
436 2551 583 2610 eximius
605 2545 809 2630 corrigendo
811 2549 952 2610 verbum
973 2539 1107 2632 patriae
1126 2553 1176 2613 in
1190 2555 1301 2634 patri·

265 2665 329 2728 bus
356 2665 479 2728 delatus
508 2671 562 2744 sit,
599 2655 731 2750 quisque
749 2670 892 2744 sentiet,
928 2667 983 2752 qui
1002 2649 1126 2731 'seculn
1153 2687 1298 2754 reputat,

265 2800 396 2872 poetam
426 2788 484 2849 s‘ub
513 2788 769 2868 imperatoribus
795 2775 924 2864 vixisse,
961 2795 1015 2851 eo*
1028 2792 1109 2872 ipso·
1129 2803 1298 2874 tempore,

266 2929 328 2989 quo
352 2909 476 2970 senatui
496 2905 598 2982 nihil,
619 2909 683 2969 nisi
705 2929 828 2970 nomen
849 2923 881 2970 et
901 2909 979 2970 levis
1004 2911 1117 2970 umbra
1138 2912 1298 2992 pristinae

198 3059 200 3068 =
265 3028 445 3110 dignitatis,
475 3027 673 3090 auctoritatis
694 3027 736 3087 'et
755 3030 944 3111 'potentiae‘
955 3030 1069 3092 relicti
1088 3017 1185 3103 erat·‚·
1209 3031 1299 3092 ideo·

198 3123 200 3131 ,
265 3166 327 3231 que
348 3135 479 3210 liberos
488 3133 670 3229 procreatos
694 3131 765 3206 'non
783 3147 964 3230 patribui,
982 3121 1037 3211 sed
1063 3149 1247 3232 proxime
1237 3171 1298 3212 un·

263 3270 410 3361 peratori
423 3266 610 3350 populoque
632 3278 737 3349 gratos
761 3281 793 3326 et
815 3268 909 3328 utiles
923 3269 1026 3331 luisse.
1062 3267 1177 3352 Ponit
1173 3285 1300 3333 autem

261 3389 418 3468 patriam.
444 3407 526 3468 quae
555 3407 661 3468 quum
685 3383 717 3447 h.
749 3387 772 3452 l
805 3389 981 3450 c·oniuncta
986 3390 1039 3450 sit
1063 3354 1298 3472 curlapopulo,

262 3497 443 3588 respublica
471 3520 535 3581 est,
566 3519 599 3566 et
628 3503 784 3588 quidquid
815 3509 935 3569 civium
957 3491 1114 3585 utilitati,
1135 3510 1242 3573 saluti
1264 3523 1296 3572 et

262 3627 427 3688 securitati
449 3609 560 3701 servit,
591 3626 826 3708 complectitur.
871 3613 950 3688 Inde
967 3641 1128 3710 apparet,
1160 3649 1224 3692 cur
1243 3631 1299 3692 Iu·

262 3749 383 3808 venalis
406 3769 425 3808 a
455 3761 545 3830 patre
574 3747 720 3829 postulet·
741 3747 777 3806 in
806 3733 1007 3822 universum,
1029 3747 1128 3812 iilius
1156 3753 1298 3832 patriae

262 3867 308 3926 sit
329 3867 493 3943 idoneus,
514 3869 535 3928 i.
560 3887 586 3941 e.
610 3865 716 3928 lilium
738 3869 865 3948 egregia
882 3855 1079 3931 educatione
1098 3870 1229 3932 bonum
1251 3873 1295 3933 ci·

248 3986 337 4046 “vem
357 3978 484 4064 reddas,
513 3989 568 4069 qui
588 3988 681 4058 nulla
709 4009 745 4048 re
768 3991 921 4050 institutis
944 3991 1143 4076 reipublicae
1164 4005 1293 4065 noceat,

183 4117 195 4154 ’-
260 4105 316 4167 sed
344 4086 415 4168 eius
440 4107 616 4171 commodis
639 4111 759 4192 quotis*
777 4109 875 4170 modo
900 4113 1082 4192 prospiciat.
1127 4109 1202 4174 Iam
1229 4111 1291 4173 tria
