2676 4860
168 413 213 474 ru
237 411 276 472 n.
299 409 385 474 run.
409 407 634 484 ,roverius
655 390 846 504 srrrnrn
868 409 962 471 ΧΠ.)
997 410 1067 483 845.
1139 411 1140 418 ‘

46 599 137 667 atque
158 585 349 664 impeditam
366 583 462 656 dicat,
483 581 618 664 ideoque
640 603 698 662 pro
724 583 861 662 sanguis
875 582 1062 662 ponendum

44 715 133 788 putet
155 705 253 777 sacri,
276 703 405 784 Virgilii
417 684 551 786 flumen
567 721 695 785 sacrum
710 715 743 762 et
764 701 936 762 Claudiani
948 697 1064 766 sacra's

45 825 151 886 undas
166 823 325 884 Clitumni
348 821 521 882 adducensl
563 821 641 900 Quis
663 835 709 882 est
729 824 827 893 enirn,
850 823 904 903 qui
920 822 1063 900 offendat
1093 809 1108 838 Ι
1156 893 1159 896 ,

44 948 78 1006 in
105 955 232 1003 mutato
259 942 418 1024 subiecto,
453 959 514 1020 qua
541 943 721 1002 mutatione
748 941 832 1002 nihil
868 941 1063 1024 frequentius

45 1064 131 1147 apud
152 1063 282 1162 poetas?
325 1061 425 1120 Modo
455 1060 648 1141 cogitatione
677 1033 822 1151 suppleas
851 1061 892 1122 ad
925 1065 1063 1144 sanguis

42 1185 223 1266 genitivum
244 1182 444 1263 pronominis
466 1181 539 1242 eius
565 1181 587 1240 i.
611 1199 640 1240 e.
667 1183 761 1240 tauri.
805 1181 932 1242 Deinde
955 1203 1064 1263 quarn-

44 1321 142 1385 quam
152 1323 247 1362 sacer
259 1301 344 1383 apud
356 1301 434 1361 alios
444 1313 553 1381 poetas
564 1299 732 1379 epitheton
738 1299 896 1362 Clitumni
909 1323 1065 1383 aquarum
1085 1343 1089 1372 ι,

44 1435 102 1496 est,
123 1422 158 1482 id
179 1433 289 1481 tamen
310 1421 373 1480 boc
396 1420 468 1478 loco
480 1439 548 1478 non
562 1418 715 1490 desidero,
737 1433 849 1500 utpote
864 1424 953 1482 omni
966 1425 995 1482 vi
1013 1425 1066 1484 de·
1086 1409 1089 1415 ¹

43 1545 205 1604 stitutum.
247 1541 350 1614 Unice
372 1558 486 1598 verum
508 1551 554 1598 est
572 1539 728 1618 sanguis:
749 1559 826 1599 nam
849 1541 910 1600 hoc
926 1563 1016 1603 versu
1033 1558 1066 1604 et

43 1662 264 1743 seq..victi1na
287 1657 492 1743 describitur,
523 1660 611 1720 cuius
633 1659 774 1739 sanguis,
805 1664 904 1741 quum
928 1663 1066 1744 proflue-

42 1796 113 1856 ret,
142 1801 255 1864 purus,
294 1781 514 1860 incorruptus,
543 1799 610 1841 non
640 1779 767 1845 vitiatus
796 1794 892 1853 esset,
922 1803 1087 1864 quaeque

44 1901 272 1983 magnitudine
295 1899 474 1962 excelleret.
518 1899 622 1978 Atque
643 1901 721 1962 tales
743 1901 898 1964 Romanis
908 1893 976 1964 non
998 1925 1067 1964 mo-

44 2023 91 2083 do
126 2041 278 2102 magnae,
314 2019 369 2079 sed
399 2020 497 2078 etiarn
525 2019 730 2078 interioribus
764 2021 907 2098 partibus
943 2025 1072 2087 sanissi-

45 2158 159 2216 mae,
169 2143 205 2202 in
232 2133 369 2200 Umbria
391 2149 423 2196 et
445 2135 603 2197 Clitumni
625 2155 725 2219 aquae
749 2139 936 2199 salubritate
958 2156 991 2201 et
1014 2123 1068 2204 ad

45 2263 229 2326 iacentium
260 2271 454 2359 pascuorum
489 2256 632 2316 bonitate
666 2259 901 2320 nutriebantur.
955 2259 1067 2344 Virgil.

47 2381 170 2464 Georg.
193 2381 249 2442 lib.
272 2379 321 2454 II,
344 2399 386 2439 vs.
413 2379 473 2441 146
493 2397 558 2458 sqq.

93 2505 182 2566 Hinc
205 2501 285 2588 albi,
309 2499 492 2570 CIitumne‚
515 2516 639 2578 greges,
661 2511 694 2557 et
714 2475 866 2559 maxuma
887 2511 996 2561 taurus

93 2623 368 2700 Victimapsaepe
389 2631 446 2678 tuo
469 2615 588 2699 perfusi
609 2617 744 2698 flumine
765 2637 855 2678 sacro

47 2750 49 2756 '
94 2743 258 2804 Romanos
281 2739 322 2798 ad
342 2739 465 2818 templa
488 2739 583 2798 deum
608 2737 725 2798 duxere
746 2739 935 2820 triumphos.

49 2864 101 2927 Cf.
125 2863 209 2924 Plin.
232 2859 321 2940 epist.
343 2859 399 2920 lib.
422 2857 511 2933 VIII,
534 2877 581 2938 ep.
605 2859 634 2922 8.
657 2842 765 2918 Laeta
780 2879 913 2938 pascua,
936 2873 973 2920 ut
987 2863 1074 2942 apud

49 2984 169 3044 Horat.
190 2979 246 3041 lib.
270 2977 330 3053 IV,
366 2977 418 3038 od.
447 2980 483 3052 4,
512 2998 554 3038 vs.
582 2981 629 3041 13.
660 2978 699 3036 de
720 2989 888 3060 pratorum
909 2978 1075 3042 fertilitate

51 3117 87 3166 et
109 3101 258 3164 ubertate
279 3097 491 3180 intelligenda
513 3110 594 3160 sunt.
779 3087 782 3094 ’
910 3095 914 3126 ¹

232 3304 522 3368 SAT⁵1RA
564 3301 644 3376 XII,
677 3321 719 3363 vs.
744 3304 784 3367 17
808 3323 873 3384 sqq

57 3477 60 3484 ·
147 3421 349 3565 Describitur
366 3463 545 3522 saevissima
558 3471 735 3542 tempestas,
758 3455 848 3519 cuius
860 3458 1004 3572 pericula
1019 3457 1078 3520 Ca

57 3585 179 3659 tullus,
193 3559 315 3669 poetae
337 3580 476 3654 amicus,
502 3579 669 3662 effugerat:
692 3547 709 3596 l

101 3705 190 3766 Nam
211 3715 338 3784 praeter
360 3700 466 3781 pelagi
488 3719 574 3759 casus
596 3714 627 3759 et
648 3699 781 3780 fulguris
802 3699 905 3758 ictum

81 3815 339 3884 ¹Evasidensae
361 3817 489 3878 coelum
511 3817 701 3879 abscondere
726 3817 877 3878 tenebrae

103 3943 201 4006 Nube
222 3959 290 4000 una
311 3939 495 4019 subitusque
518 3951 671 4000 antennas
691 3937 824 4018 impulit
845 3935 942 4016 ignis,

46 4066 156 4126 'Haec
185 4039 432 4140 scriptumest,
465 4077 561 4142 quam
590 4061 625 4120 in
647 4057 793 4118 omnibus
816 4054 1009 4117 editionibus
1031 4073 1083 4114 en·
1144 4069 1147 4076 ’

857 4347 877 4381 l
