2676 4860
126 461 128 470 a
197 356 976 499 ruu.1uu;1uvuulus·slmmuirv2
1034 415 1101 477 ars

80 583 159 642 inter
179 581 351 662 Aegyptios
375 592 407 640 et
429 599 588 642 summae
604 573 768 643 orirentur
794 585 891 644 rixae.
937 583 1001 644 Dio
1026 583 1101 646 Cas·

79 703 139 761 sius
159 701 213 764 lib.
236 700 344 774 XLII,
368 721 436 782 cap.
461 704 519 766 34:
541 696 793 785 ἓρησκεύουσί
810 695 943 786 reitrlp
963 703 1100 780 πολλά,

79 817 314 896 asprenatum
328 818 559 900 ἀνθρώπων,
570 849 572 857 2
583 817 647 884 nal
671 815 856 902 molinons
871 817 964 900 ὑπὲρ
977 819 1101 886 ἀὐτῶν

77 937 139 1001 καὶ
158 934 478 1022 πρὸςάλλήλους,
508 939 571 1004 ἅτε
588 940 642 1022 μὴ
663 939 753 1005 καθ’
775 937 825 1014 ἓν,
846 939 949 1004 ἀλλὰ
970 939 1035 1004 καὶ
1053 939 1102 1006 ἐκ

77 1061 139 1122 τοῦ
154 1033 416 1126 lramzu‘aeu'rov
434 1055 499 1134 nal
526 1056 667 1122 ἑαυτοῖς
689 1063 858 1142 τιμῶντες
874 1060 974 1138 τινά,
1000 1060 1104 1152 drur-

72 1177 234 1255 ροῦντατ.
270 1179 348 1245 Hoc
369 1181 443 1242 loco
475 1182 613 1242 duorum
635 1183 832 1263 populorum
855 1201 1026 1242 concursus
1049 1182 1103 1242 de·

74 1297 237 1374 scribitur,
273 1297 411 1380 quorum
448 1302 548 1361 altera
582 1319 654 1381 pass
685 1299 751 1360 dies
782 1300 886 1360 festos·
907 1299 1103 1374 celebrabat,

74 1409 175 1480 altera
197 1419 321 1500 gaudiis
343 1419 375 1481 et'
396 1421 615 1503 voluptatibus
642 1423 777 1482 illorum
798 1421 974 1480 invidebat.
1008 1419 1105 1480 fTen-

74 1541 189 1618 lyricae
203 1540 297 1600 'inter
317 1537 476 1602 solemnes
499 1541 609 1624 epulas
618 1540 800 1622 perturbati
821 1553 904 1628 sunt,
928 1531 1024 1600 et'ad
1045 1552 1104 1622 pu*⁴
1214 1613 1217 1618 .

74 1661 344 1739 gnamrlaressiri:
375 1662 461 1743 quod
488 1661 620 1743 quidem
648 1681 782 1722 eversu
804 1658 845 1722 75
868 1673 1015 1742 apparet,
1045 1659 1106 1720 ubi

71 1779 103 1853 ii,
125 1799 185 1861 per
207 1781 409 1861 periphrasin
431 1783 602 1857 nominati,
624 1783 743 1844 instar-e
759 1781 913 1842 dicuntur
933 1783 970 1841 in
991 1780 1105 1862 fugam

73 1900 242 1960 conversis.
286 1899 339 1960 Ibi
361 1920 428 1960 non
449 1914 538 1960 recte
559 1904 698 1963 mutavit
718 1901 892 1962 Salmasius
911 1901 1106 1984 palmaein

71 2019 231 2099 Pampae.
273 2017 394 2078 Palma
423 2039 482 2100 pro
512 2019 656 2098 palmeta
685 2023 828 2100 positum
857 2033 913 2080 est.
957 2019 1029 2080 Vid.
1060 2018 1105 2082 H.

71 2137 327 2200 Valesii‘notam
350 2138 392 2198 ad
412 2125 447 2200 h.'
469 2139 493 2203 l.
529 2137 617 2225 Quos
640 2151 869 2220 autemspoeta
889 2139 1022 2200 nomine
1044 2139 1107 2202 lni-

69 2261 235 2324 micorum
259 2279 303 2322 rs.
332 2260 378 2322 4'0
403 2258 575 2339 insignitos
609 2259 765 2332 voluerit,
803 2260 910 2340 primo
953 2257 1107 2338 adspectu

69 2398 140 2440 non
169 2379 298 2440 clarum.
326 2391 381 2438 est.
425 2378 585 2458 Apertum
612 2391 739 2451 tamen,
768 2391 901 2458 gentem
927 2377 1109 2458 Tentyritis,

70 2501 216 2565 vicinam
238 2495 319 2573 esse,
348 2512 382 2560 et
403 2497 543 2558 Ombitis
572 2497 757 2558 numinum,
771 2499 863 2558 cultu
885 2473 1106 2562 coniunctam.

72 2619 201 2701 Quidni
229 2621 304 2701 erg'o
335 2617 479 2698 Coptitas
511 2617 740 2704 intelligendos
769 2637 834 2678 esse
863 2618 1012 2678 censeas?
1052 2616 1107 2677 Ad

21 2793 26 2804 ,
72 2759 172 2822 quarn
194 2740 383 2820 opinionem
406 2751 492 2798 certe
519 2735 619 2796 verba
640 2737 715 2812 illa,
747 2736 861 2819 quibus
883 2751 995 2818 poeta,
1023 2756 1128 2818 quae·

70 2879 169 2941 super
192 2857 289 2942 Capti
308 2859 441 2918 moenia
462 2869 550 2937 gesta
571 2869 680 2932 erant,
715 2861 754 2916 se‘
775 2849 957 2918 relaturum
979 2875 1045 2918 esse
1066 2858 1107 2918 si·

71 2979 306 3063 gnificaverat,'
333 2978 449 3038 ducere
483 2976 645 3039 videntur.
695 2977 829 3038 Etenim
855 2998 905 3038 res
934 2941 1019 3038 dira'
1038 2995 1108 3038 non
1150 2972 1169 2984 ''

72 3101 171 3180 longe
195 3098 235 3158 ab
256 3097 338 3161 urbe
361 3097 464 3178 Copto
486 3107 614 3178 patrata
636 3107 697 3171 est,
728 3110 761 3158 et
783 3117 821 3158 ea
851 3097 983 3178 quidem
1004 3079 1108 3179 parte,
1196 3111 1199 3116 ’

74 3237 157 3302 quae
179 3217 222 3278 ad
244 3217 365 3278 Ombos
398 3217 511 3298 vergit.
556 3216 707 3298 Coptitae
737 3199 841 3297 iugali
862 3229 970 3292 erant,
999 3229 1036 3276 ut
1067 3237 1108 3278 ex

73 3358 119 3400 vs.
142 3333 198 3400 75a
217 3336 421 3417 intelligitur,
444 3329 620 3418 dorumque
642 3352 736 3412 unus,
758 3318 794 3396 in
815 3335 892 3418 fuga
913 3357 1010 3420 super
1024 3338 1108 3420 Cop-

73 3471 135 3518 ton
158 3469 278 3537 captus,
299 3455 336 3516 in
357 3454 459 3516 frusta
482 3455 706 3518 dissecabatur.
731 3457 877 3520 Ombitas
895 3472 1014 3532 autem,
1037 3459 1110 3528 lon·

51 3557 116 3660 'ge
148 3597 167 3638 a
197 3575 348 3655 Tentyris
378 3574 516 3651 dissitos,
553 3597 668 3638 eorum
695 3577 818 3672 incolas
847 3561 1012 3652 invasisse,
1040 3581 1110 3639 iam

76 3698 199 3759 idcirco
212 3694 365 3757 credibile
387 3714 456 3754 non
478 3709 533 3770 est,
557 3697 642 3779 quod
657 3699 781 3789 multae
801 3696 1038 3770 interiacentes,
1059 3700 1109 3778 ip·

77 3817 119 3877 sis
139 3819 302 3891 inimicae,
324 3817 498 3916 urbesaaut
519 3818 644 3876 r'noram
666 3816 704 3874 iis
734 3815 870 3929 inlfflei
895 3830 949 3880 aut
972 3819 1109 3878 omnino

76 3938 238 4018 impetum
248 3934 397 3998 inhibere
418 3947 577 4018 poterant.
607 3935 672 3997 Fac
694 3947 815 4011 tamen,
839 3957 891 3996 eos
915 3937 1037 4018 cymbis
1051 3937 1109 3998 Ni-

77 4057 113 4118 lo
136 4057 283 4153 adrectos
300 4075 382 4132 esse,
413 4057 527 4161 mirari
550 4026 720 4132 debemus,
750 4055 836 4140 quod
857 4057 895 4118 iis
925 4057 1046 4140 repulsi
1066 4056 1109 4118 ad
