2706 4860
343 297 361 332 Χ

327 369 755 506 ‘suasurum
1039 425 1085 498 u

75 597 220 688 Quaeque
242 607 443 686 reportandis
463 607 568 688 posita
590 619 637 668 est
658 605 820 668 orchestra
835 593 1009 668 'cathedris
1078 659 1084 666 .

72 727 133 786 Nos
151 739 261 788 tamen
282 727 345 788 boc
367 729 490 808 agimus
511 697 667 808 tenuiqui
686 728 723 786 in
744 725 875 807 pulvere
897 725 999 786 mlum

71 847 222 908 Docimus
245 861 278 908 et
299 849 388 910 littus
410 849 511 909 sterili
531 867 692 910 versatum
714 860 830 912 aratro.
851 916 853 924 ,
887 927 889 936 χ

69 965 151 1028 Nam
170 969 197 1030 si
217 967 376 1040 discedas,
397 969 512 1050 laqueo
531 979 624 1028 tenet
646 967 807 1028 ambitiosi
881 991 905 1002 ··
971 1009 974 1018 ,
1031 957 1090 1050 ,80

73 1089 273 1152 Consuetudo
296 1090 391 1150 mali:
412 1061 502 1150 tenet
521 1089 700 1173 insanabile
721 1089 842 1148 multos

71 1209 232 1270 Scribendi
253 1210 423 1272 cacoethes
445 1225 478 1272 et
499 1227 596 1292 aegro
616 1211 652 1270 in
672 1209 770 1270 corde
793 1209 937 1296 reuertit.

70 1329 126 1390 Sed
146 1343 256 1390 vatem
279 1331 458 1412 egregium,
487 1332 539 1390 cui
560 1347 628 1390 non
648 1329 689 1390 sit
709 1328 841 1408 publiea
861 1345 959 1401 vens,
1059 1321 1077 1342 '⁴
1188 1324 1191 1340 '

75 1449 130 1528 Qui
149 1449 235 1510 nihil
258 1451 439 1530 expositum
459 1451 559 1519 soleat
581 1449 755 1520 deducere,
776 1467 848 1510 neo·
861 1449 916 1528 qui
943 1465 946 1473 ·

76 1569 241 1630 Communi
263 1569 357 1632 feriat
379 1589 511 1632 carmen
533 1569 661 1630 triviale
682 1582 831 1642 monete,
1046 1561 1088 1632 fid

71 1687 176 1765 Hunc,
199 1691 330 1771 qualem
350 1709 475 1770 nequeo
498 1703 678 1750 mensuare
700 1701 733 1749 et
754 1691 863 1750 sentio
878 1700 1024 1760 tentum,

68 1809 234 1870 Anxietate
253 1826 367 1870 cerens
389 1811 525 1870 emimus
538 1809 625 1885 ituit,
649 1811 753 1874 omnis
775 1807 885 1870 acerbi
911 1848 915 1861 .
988 1877 990 1898 1

69 1929 255 2011 Impatiens,
280 1927 412 2010 cupidus
424 1930 589 1990 ‘silvarum
611 1944 764 2014 aptusque
785 1927 945 1990 bibendis·

68 2049 218 2110 Fontibus
240 2050 419 2110 Aonidum:
441 2069 546 2130 neque
568 2049 657 2111 euim
679 2064 809 2110 cantare
830 2045 889 2110 sub
912 2059 1006 2108 antro
1082 2093 1086 2104 .
1125 2121 1131 2154 κ

67 2167 174 2230 Pierio
193 2167 381 2251 thyrsumve
402 2183 508 2250 potest
529 2175 716 2253 contingere
737 2189 814 2230 sana
874 2189 878 2199 “
994 2171 998 2185 '
1046 2167 1090 2230 6⁰

68 2288 237 2371 Paupertas
260 2302 355 2370 atque
377 2292 458 2350 aeris
478 2293 587 2372 inops,
616 2311 679 2371 quo
700 2302 797 2350 nocte
820 2289 935 2367 dieque

69 2410 188 2491 Corpus
211 2422 300 2490 eget.
319 2423 409 2470 satur
429 2423 486 2482 est,
510 2428 610 2490 quum
632 2410 711 2470 dicit
732 2407 901 2481 Horatius,
924 2407 1024 2512 Eune.
1084 2459 1087 2464 .

68 2530 142 2610 Quis
164 2530 253 2590 loeus
274 2531 423 2610 iugenio,
445 2531 508 2590 nisi
529 2547 631 2610 quum
648 2547 680 2590 se
703 2529 846 2588 mimine
866 2527 935 2588 solo

67 2650 190 2710 Vexent
211 2661 244 2709 et
266 2649 405 2711 dominis
427 2649 561 2712 Cirrhae
589 2649 756 2732 Nysaeque
784 2648 934 2708 feruntur
1007 2690 1009 2699 ·

67 2769 200 2831 Pectora
220 2781 343 2842 nostra,
367 2767 444 2830 duas
457 2777 532 2833 'non
547 2770 759 2830 'admittentia
779 2767 893 2830 cures?
916 2745 920 2752 ’
1043 2759 1088 2830 66

68 2891 203 2973 Magnae
225 2889 343 2948 mentis
365 2907 444 2970 opus
465 2909 526 2950 noe
543 2891 583 2951 de
601 2891 707 2952 lodide
728 2889 871 2970 paranda

67 3013 246 3083 Attonitae,
279 3025 390 3068 currus
412 3021 445 3068 et
467 3028 563 3090 equos
583 3010 744 3092 faciesque
767 3010 901 3070 deorum

22 3125 26 3142 '
67 3133 253 3213 Adspicere,
275 3141 308 3188 et
330 3129 432 3210 qualis
452 3129 614 3190 Rutulum
636 3114 812 3190 confundat
833 3127 983 3206 Erinnys.

68 3251 148 3314 Nam
168 3253 196 3313 si
217 3250 353 3330 Virgilio
375 3243 465 3330 puer
483 3263 515 3310 et
535 3249 707 3311 tolerabile
730 3247 863 3308 deesset

66 3369 266 3454 Hospitium,
290 3371 440 3432 caderent
463 3389 573 3432 omnes
596 3389 614 3431 u
636 3369 777 3432 crinibus
798 3368 911 3449 hydris
1043 3365 1087 3428 'ld
1158 3403 1165 3412 -

67 3491 164 3553 Surda
185 3493 270 3552 nihil
288 3501 431 3570 gemeret
453 3502 547 3570 grate
568 3483 715 3553 buccina.
758 3491 943 3560 Poseimus,
965 3499 1003 3548 ut
1023 3487 1065 3546 eit

67 3611 136 3672 Non
157 3613 268 3672 minor
290 3613 422 3690 antiquo
443 3609 614 3672 Rubrenus
636 3613 747 3694 Lappa
769 3611 947 3682 cothurno,

69 3729 164 3792 Cuius
186 3743 219 3790 et
242 3731 380 3792 alveolos
402 3743 434 3790 et
454 3731 584 3792 laenam
600 3733 752 3814 pignerat
772 3731 895 3816 Atreus.

66 3847 137 3910 Nou
157 3849 256 3910 habet
277 3849 392 3910 infelix
413 3849 688 3933 Numitor,quod
708 3853 818 3912 mittat
839 3851 959 3910 amiom

68 3967 244 4051 Quintillae
265 3969 352 4051 qued
375 3969 482 4044 donet,
501 3971 621 4046 habet,
642 3987 703 4033 nec
726 3971 828 4032 defixit
848 3967 915 4040 illi,
1044 3957 1087 4028 tt

69 4086 159 4151 Unde
174 4097 303 4154 'eruent
323 4091 428 4156 multe
449 4093 654 4186 pascendum·
669 4108 766 4156 carne
787 4091 921 4154 leonem
