2706 4860
629 118 633 127 ‘
731 133 736 170 ι

155 367 158 374 ’
255 363 299 426 38
480 379 481 382 ’
534 355 575 418 D.
596 353 696 418 IUN.
719 352 1000 417 IUVENALIS

250 527 457 598 Ad‘Pharon
479 539 511 587 et
532 527 654 588 Nilum.
667 529 849 608 famosaque
877 529 1005 588 moenia
1027 525 1122 608 Lagi,

225 727 229 733 Ι
257 651 407 730 Prodigia
430 659 461 730 et
477 648 686 708 -moresurbr's
709 649 882 740 damnante
906 647 1048 728 Canopo.

258 770 438 832 Immemor
455 769 517 828 illa
539 769 651 848 dq'mus
675 780 707 826 et
729 739 871 848 coniugis
895 781 988 846 utque
1009 766 1122 825 sororis
1239 759 1285 826 85

258 890 314 951 Ν11
336 878 458 970 patriae
481 888 632 960 indulsit,
631 887 877 967 plorantesque
898 854 1046 988 improbe
1068 897 1175 952 natos,
1337 859 1338 864 ¹

149 1057 158 1120 p
259 988 368 1090 thue
390 987 491 1100 magis
512 1019 652 1120 stupeas,
658 1007 765 1066 ludos
787 985 998 1087 Paridemque
1018 1004 1162 1084 reliquit
1337 1093 1338 1098 ἵ

260 1129 325 1191 Sed
348 1145 556 1210 quamquam
564 1130 610 1188 in
620 1111 747 1208 magnis
767 1127 881 1208 opibus
902 1127 1076 1208 plumaque
1098 1133 1237 1206 paterna
1337 1131 1338 1152 ³

260 1251 303 1311 Et
324 1249 528 1332 segmentatis
552 1248 719 1308 dormisset
740 1247 875 1328 parvula
898 1248 1004 1320 cunis,
1041 1263 1042 1268 ¹

264 1367 444 1432 Gontemsit
465 1369 609 1450 pelagus:
631 1368 756 1430 famam
777 1379 988 1426 contemserat
1011 1365 1154 1440 olim',
1246 1364 1290 1426 90
1337 1331 1338 1436 1

265 1488 367 1548 Cuius
387 1489 473 1569 apud
487 1489 610 1547 molles
631 1489 773 1548 minima
791 1500 838 1546 est
859 1482 998 1556 iactura
1005 1483 1231 1546 cathedras.

264 1607 450 1693 Tyrrhenos
472 1609 570 1687 igitur
591 1607 707 1666 fluctus
728 1577 855 1687 lateque
877 1620 1046 1675 sonantem

264 1727 406 1814 Pertulit
428 1727 559 1786 Ionium
582 1727 740 1786 constanti
761 1738 909 1806 pectore,
941 1729 1119 1834 quamvis

266 1965 302 2026 Si
322 1967 405 2026 ratio
428 1979 474 2024 est
496 1978 529 2024 et
550 1927 697 2038 honesta,
720 1967 838 2024 timent
858 1966 1047 2045 pavidoque
1059 1965 1207 2046 gelantur
1250 1962 1338 2027 95

1337 1445 1338 1546 1

1337 1557 1338 1614 l

1337 1601 1338 1664 1

1337 1671 1338 1706 1

266 1845 465 1908 Mutandum
486 1849 579 1906 toties
603 1857 682 1936 esset
703 1865 801 1906 mare.
845 1845 933 1906 Iusta
953 1835 1118 1926 pericli

1337 2069 1338 2114 1

268 2069 418 2160 Pectore,
441 2103 501 2145 nec
523 2084 669 2144 tremulis
690 2096 822 2165 possunt
843 2085 986 2144 insistere
1009 2086 1177 2166 plantis:

269 2202 400 2266 Fortem
421 2207 567 2266 animum
587 2215 751 2308 praestant
772 2203 882 2274 rebus,
907 2223 981 2284 quas
1003 2207 1141 2285 turpiter
1164 2205 1290 2265 audent.
1337 2223 1338 2240 ι

270 2325 306 2388 81
326 2325 436 2386 iubeat
459 2328 592 2400 coniux,
617 2326 734 2384 durum
756 2337 803 2384 est
825 2324 1042 2383 conscendere
1060 2326 1186 2397 navim,

272 2445 366 2508 Tunc
389 2437 515 2506 sentiria
537 2448 654 2527 gravis,
678 2458 755 2504 tunc
778 2461 921 2502 summus
944 2446 1079 2504 vertitur
1102 2464 1165 2504 aer.

209 2567 365 2646 Quae
372 2566 547 2626 moechum
551 2566 705 2644 sequitur,
713 2561 878 2623 stomacho
888 2563 979 2622 valet
990 2563 1029 2622 lll
1032 2566 1215 2624 emeritum
1237 2565 1295 2628 100

234 2684 465 2745 Convomit:
487 2684 569 2744 haec
591 2685 677 2743 inter
698 2695 811 2742 nautas
834 2695 865 2742 et
887 2683 1041 2763 prandet,
1066 2697 1097 2742 et
1118 2698 1206 2764 errat

273 2784 336 2868 Per
358 2823 503 2886 puppem
525 2815 557 2862 et
580 2802 674 2862 duros
696 2802 814 2883 gaudet
833 2800 971 2862 tractare
993 2804 1152 2864 rudentes.

276 2922 350 3002 Qua
370 2935 486 2986 tamen
504 2924 619 2982 exarsit
641 2921 761 2997 forma,
797 2943 859 3003 qua
882 2936 974 3002 capta
996 2925 1126 2985 iuventa
1147 2939 1194 2986 est

275 3041 418 3124 Hippia?
441 3044 518 3123 quid
540 3043 636 3116 vidit,
663 3055 796 3123 propter
817 3042 907 3102 ludia
930 3043 993 3102 dici

277 3159 456 3238 Sustinuit?
477 3181 556 3222 nam
576 3161 737 3243 Sergiolus
759 3163 825 3224 iam
839 3163 951 3224 radere
973 3163 1085 3242 guttur
1240 3160 1296 3228 105

280 3281 439 3364 Coeperat
461 3296 493 3342 et
514 3297 599 3352 secto
622 3285 767 3362 requiem
788 3301 915 3364 sperare
938 3283 1069 3342 lacerto.
1113 3334 1116 3338 .

278 3377 449 3462 Praeterea
467 3403 575 3462 multa
596 3405 631 3462 in
652 3401 734 3462 facie
757 3401 930 3476 deformia,
953 3405 1034 3462 sicut

204 3495 209 3508 ι
279 3521 424 3584 adtritus
445 3523 536 3602 galea
557 3523 734 3602 mediisque
755 3524 790 3582 in
812 3523 942 3582 naribus
967 3525 1099 3604 ingens·

276 3639 407 3702 ,Gibbus
429 3655 461 3701 et
479 3621 556 3702 acre
577 3643 702 3724 malum
724 3661 817 3723 saepe
839 3642 989 3702 stillantis
1011 3645 1115 3704 ocelli.

282 3759 346 3820 Sed
362 3761 520 3840 gladiator
542 3775 624 3821 erat:
649 3761 727 3822 facit
749 3761 821 3832 hoc,
834 3761 907 3820 illos
930 3759 1144 3842 Hyacinthos:
1216 3829 1217 3837 χ
1243 3761 1300 3823 110

284 3877 356 3940 Hoc
378 3883 484 3962 pueris
507 3883 707 3962 patriaeque,
730 3877 792 3939 hoc
814 3874 1045 3960 praetulit,illa
1067 3883 1167 3942 sorori

214 3976 219 3988 ¹
283 4001 389 4082 Atque
413 4003 496 4108 viqo:
521 4001 642 4060 istrum
664 4011 719 4074 est,
743 3999 828 4078 quod
850 4013 969 4062 amant.
998 4000 1061 4062 Hic
1077 3999 1299 4083 Sergiusidem
