2642 4850
152 453 198 518 ΙΝ
214 454 257 518 o.
275 453 362 519 run.
380 451 610 520 mannans
625 401 817 526 samari
839 461 898 523 v..
927 461 934 472 ¹
969 465 1035 554 eos
1122 497 1123 502 κ

41 625 151 706 praete?
156 629 319 690 uirtutem
324 629 449 692 bomini
458 629 584 713 partim
598 633 680 694 cndu
694 651 774 708 asse,
795 635 921 714 partim
934 628 1036 698 etiam

42 750 211 810 necessaria.

227 937 485 1002 SATIRA
527 940 573 1016 V,
603 942 822 1024 vs.141sqq.
891 951 892 956 ’

69 1087 122 1150 Sed
141 1101 196 1154 tua
216 1113 306 1157 nunc
327 1095 449 1178 Migale
470 1097 575 1180 pariat
595 1096 674 1158 licet
696 1110 728 1158 et
749 1117 865 1180 pueros
888 1110 952 1160 tres

68 1209 101 1270 in
119 1215 278 1292 gremium
299 1217 397 1296 patris
418 1216 534 1279 fundat
554 1217 667 1278 simul:
692 1217 760 1298 ipse
782 1211 910 1298 loquaci

70 1329 219 1396 Gaudebit
243 1335 337 1410 nido,
359 1337 498 1400 viridem
519 1336 653 1398 thoraca
674 1335 800 1398 iubebit
842 1345 845 1352 ’

69 1449 171 1516 Afferri
191 1455 406 1538 minimasque
429 1475 527 1518 nuces
550 1475 714 1536 assemque
735 1469 903 1538 rogatum,
975 1471 978 1476 ·

19 1575 21 1588 ’
70 1570 110 1630 Ad
127 1593 274 1638 mensam
296 1579 420 1658 quoties
441 1577 596 1658 parasitus
618 1576 743 1636 venerit
764 1573 880 1636 inians.

39 1704 103 1769 Vera
121 1709 239 1774 horum
260 1709 655 1796 versunm'interpretatio
677 1713 754 1776 inde
775 1709 911 1800 pendet,
932 1724 970 1772 nt
991 1731 1041 1772 re·

18 1837 75 1888 tte
93 1829 276 1907 definiatur,
303 1847 416 1895 utrum
433 1833 567 1928 'Migale
593 1834 707 1896 Trebii
726 1855 825 1910 ntor,
854 1855 896 1895 an
925 1853 1041 1894 concu-

38 1943 109 2023 bina,
129 1951 247 2038 deinde
267 1967 379 2014 utrum
400 1955 458 2015 sub
482 1958 554 2036 ipse
566 1967 721 2038 patronus
740 1945 835 2016 Virro
856 1954 1041 2035 intelligen-

39 2064 81 2127 dus
98 2073 142 2146 sit,
164 2093 206 2133 an
228 2087 328 2154 pater·
373 2075 534 2172 {rupertus
555 2073 702 2155 Migalen
722 2092 791 2133 non
812 2077 948 2134 uxorem
962 2073 1041 2133 Tre-

36 2184 70 2248 bii
87 2190 178 2266 ducit,
200 2193 258 2253 sed
280 2193 507 2270 concubinam,
531 2195 650 2256 addens
670 2205 837 2274 praeterea
859 2195 895 2254 in
912 2191 1041 2253 Adden·
1075 2281 1078 2285 Δ

39 2299 72 2367 dis
91 2310 170 2372 hanc
190 2295 505 2394 interpunctionem:
548 2313 612 2374 Sed
639 2327 696 2374 tua
727 2292 816 2374 nune
845 2312 967 2393 Migale
988 2331 1043 2392 pa·
1089 2393 1091 2406 Ι

38 2429 209 2508 ήᾱῐ.1,Ι,ἱόεῑ
232 2445 265 2492 et
285 2453 399 2514 pueros
421 2447 486 2494 tres
507 2433 547 2496 In
564 2435 726 2515 gremium
746 2434 845 2515 patris
867 2431 983 2492 fundat
1003 2431 1043 2492 si-

38 2551 104 2620 nuh
124 2555 190 2635 ipse
212 2553 355 2636 loquaci:
380 2555 432 2616 cui
455 2555 545 2616 omni
566 2555 636 2615 iure
653 2553 774 2616 Censor
796 2555 864 2615 eius
885 2553 921 2612 in
941 2551 1041 2611 litter.

37 2664 151 2748 Ephem.
171 2672 260 2754 Lips.
282 2693 316 2736 n.
338 2677 389 2739 67.
412 2695 512 2736 mens.
536 2675 633 2736 Mart.
658 2677 742 2741 1822
761 2674 954 2744 adversatur,
975 2689 1043 2732 me·

37 2784 132 2852 liorem
158 2805 273 2854 tamen
301 2812 369 2855 non
396 2809 595 2887 proponens:
620 2764 706 2856 'Sed
726 2789 785 2855 tna
808 2811 893 2856 nunc
912 2791 1047 2871 ungala

36 2913 148 2984 pariat.-
170 2913 268 2974 licet!
290 2928 325 2974 et
346 2935 467 2994 pueros
488 2929 557 2974 tres
573 2913 613 2974 In
624 2915 787 2994 gremium
788 2912 923 2998 fundat
938 2909 1044 2982 simul,
1147 2999 1149 3006 y
1239 2973 1242 2980 ,

37 3026 101 3106 ipse.
128 3067 168 3080 -··
218 3025 333 3094 Manto
365 3035 557 3116 interpretes
587 3033 629 3094 ad
656 3051 760 3093 unum
790 3049 901 3121 omnes
929 3031 1045 3090 erroris

35 3147 175 3215 adhunc
204 3153 315 3214 locum
342 3139 485 3216 recusat:
519 3153 587 3235 ipse
621 3170 697 3212 vero
726 3149 875 3210 omnium
902 3149 1044 3216 maxime

35 3259 120 3348 errat',
153 3273 240 3356 quod
268 3293 450 3354 pronomen
480 3273 552 3353 ipse
579 3272 620 3333 ad
640 3283 768 3354 patrem
794 3269 935 3331 relatum
963 3269 1044 3344 vult,

36 3391 108 3451 unde
129 3396 288 3456 nimirum
311 3395 416 3456 variae
439 3395 588 3456 oriuntur
608 3392 759 3472 ineptiae.
789 3389 937 3453 Primum
951 3406 1045 3474 quae-

36 3511 159 3574 rendum
180 3527 245 3587 est,
275 3533 332 3574 cur
353 3513 489 3574 Trebius
510 3513 693 3574 blandienti
714 3529 831 3592 puero,
861 3511 983 3591 quoties
1006 3509 1047 3570 ad

35 3643 166 3694 mansam
193 3637 335 3708 venerit,
365 3633 574 3716 elegantiores
602 3645 720 3726 vestes,
751 3631 920 3692 Atellanas
948 3636 1047 3688 nuces

38 3757 64 3805 et
84 3769 161 3831 quae
182 3767 368 3836 sequuntur,
391 3754 500 3815 afferri
517 3753 638 3814 iubeat.
682 3751 781 3831 Quasi
797 3771 866 3812 non
888 3749 950 3810 alio
964 3762 1045 3811 tem·
1130 3745 1133 3750 ‘

35 3885 117 3946 pore,
145 3888 201 3936 aut
228 3876 292 3936 alio
320 3875 393 3935 loco
420 3873 508 3934 idem
537 3871 757 3956 paterfacere
779 3875 942 3951 potuisseu
985 3869 1048 3930 Sed

36 3981 89 4048 hoc
110 3994 213 4074 ipsum
235 3993 389 4066 ostendit,
413 3994 510 4054 verba
531 3995 577 4054 ad
594 4012 755 4065 mensam,
777 4003 814 4050 ut
836 3991 943 4052 Plauti
956 3991 1046 4054 Trin.

25 4117 88 4169 aet.
109 4111 156 4190 ii,
173 4123 217 4178 ac.
241 4117 275 4190 4,
299 4135 341 4176 vs.
364 4117 416 4178 77.
439 4113 661 4180 verecundari
674 4112 834 4174 neminem
853 4111 1047 4192 operimen-
