2706 4860
258 467 321 510 vm

258 621 357 684 missa
378 617 510 701 quidem
533 635 611 684 cura
634 611 703 678 eius
725 627 792 690 est,
820 629 853 678 et
873 617 1207 701 investigationem
1228 641 1288 684 no-

259 704 389 798 varum,
413 734 468 782 aut
490 721 588 782 lectio
611 739 739 782 eorum,
754 719 969 805 scriptorum,
1004 724 1059 802 qui
1087 725 1228 806 aliquem
1257 729 1291 790 ei

257 827 403 888 fructum
423 826 614 912 promittere
637 821 840 898 videbantur,
852 825 917 914 'sed
937 844 1000 888 nec
1020 827 1094 888 satis
1108 830 1167 890 'otii
1180 851 1291 912 super.

257 931 321 992 fuit
342 929 383 990 ad
404 921 582 1010 perfectam
609 925 790 1006 parandam
819 925 1012 1014 editionem,
1051 942 1084 990 et
1115 933 1213 994 simul
1239 947 1291 994 tot

258 1033 463 1094 difficultates
486 1039 688 1090 accesserunt
708 1047 821 1100 novae,
842 1041 880 1088 ut
894 1031 1014 1094 iterum
1027 1050 1096 1092 non
1110 1035 1290 1109 continuas,

161 1176 164 1184 κ
221 1169 231 1176 e
258 1137 314 1198 sed
335 1135 489 1216 singulas,
522 1151 628 1214 neque
651 1130 765 1190 eadem
787 1130 909 1204 forma,
940 1153 1002 1214 qua
1024 1135 1125 1216 prius,
1154 1157 1214 1217 per
1236 1157 1291 1199 ca«

240 1240 343 1320 pita,
370 1237 425 1297 sed
446 1256 505 1296 suo
532 1235 575 1296 ad
602 1253 765 1315 ,quamque
795 1235 928 1294 satiram
956 1235 1044 1312 loco,
1079 1251 1212 1319 excepta
1239 1252 1290 1300 ta·

257 1344 337 1424 men
358 1317 484 1422 ultima,
507 1339 688 1420 dispertitas
710 1355 890 1422 proponere
903 1337 1047 1416 mallem.
1089 1341 1175 1402 Nam
1196 1364 1291 1424 prae.

257 1458 308 1513 ter
331 1461 381 1504 eas
405 1440 628 1514 difficultates,
649 1458 740 1520 quae
770 1441 940 1519 interpreti
970 1461 1008 1502 ex
1029 1457 1178 1506 accurate
1200 1466 1290 1507 com-

255 1547 402 1630 paranda
423 1557 537 1626 poetae
559 1555 746 1622 temporum
769 1543 963 1623 cognitione,
986 1555 1019 1604 et
1041 1565 1079 1604 ex
1100 1550 1288 1612 renovando

256 1651 355 1732 ipsius
382 1650 467 1709 vitae
498 1647 646 1706 examine
677 1646 843 1716 oriuntur,
878 1649 1021 1711 maxima
1052 1661 1098 1709 est
1127 1663 1159 1710 et
1187 1653 1290 1716 taedii

256 1754 459 1836 plenissima,
489 1749 575 1830 quod
603 1749 760 1831 postulari
790 1749 830 1810 ab
858 1767 1053 1830 unoquoque
1075 1751 1199 1817 editore
1229 1775 1291 1837 par

256 1870 315 1932 est,
337 1854 527 1937 praesertim
548 1854 732 1913 sitantum.
746 1851 920 1938 emendare
943 1872 1040 1933 quarn
1062 1857 1184 1934 optime
1200 1859 1289 1932 velit,

257 1972 296 2020 ut
315 1979 423 2019 rursus
445 1957 658 2037 inspiciantur
688 1969 720 2013 et
750 1955 976 2016 examinentur
1006 1958 1157 2024 curiosius
1187 1979 1290 2038 quum

260 2062 402 2136 codices,
434 2074 506 2122 tum
527 2073 652 2119 veteres
673 2059 767 2130 libri,
796 2059 852 2138 qui
874 2077 893 2118 a
915 2058 1059 2139 Ruperto
1090 2061 1157 2124 iam
1180 2062 1292 2124 collati

257 2179 291 2226 et
313 2165 445 2226 adducti
466 2175 549 2224 sunt.
593 2161 665 2222 Hac
687 2161 754 2222 sola
775 2161 901 2223 ratione
922 2161 1057 2222 tandein
1080 2162 1218 2234 discerni
1231 2183 1288 2245 po·
1344 2215 1345 2218 ,

257 2282 337 2340 test,
366 2269 422 2348 qui
444 2267 520 2326 libri
544 2278 576 2324 et
598 2265 795 2344 praestantia
815 2283 872 2324 sna
895 2277 927 2323 et
957 2281 1111 2344 consensu
1142 2269 1209 2330 vim
1230 2269 1291 2333 hae

258 2355 356 2433 beant
378 2371 529 2452 inprimis
549 2370 585 2428 in
606 2379 698 2427 textu
719 2366 926 2440 recensend0,
950 2369 1066 2448 quique
1088 2353 1205 2449 peioris
1223 2373 1290 2450 sint
1344 2401 1345 2412 ¹

257 2486 411 2552 notaeet
432 2490 559 2551 prorsus
581 2467 764 2551 spernendi,
786 2482 843 2530 aut
864 2471 978 2530 saltem
995 2469 1089 2532 caute
1102 2471 1288 2536 adhibendi.

249 2565 371 2656 ⁴Neque
392 2572 562 2633 verohoc
584 2585 741 2653 ,respectu
765 2573 889 2636 inutilis
916 2573 977 2632 erit
1006 2578 1203 2656 comparatio
1235 2595 1290 2638 eo·
1343 2625 1344 2642 2

257 2698 334 2740 rum
355 2678 564 2756 scriptorum,
587 2673 849 2760 quoseluvenalis
871 2693 913 2754 pa
929 2674 987 2732 sim
1009 2676 1153 2739 imitatus
1176 2691 1231 2752 est,
1254 2695 1290 2740 et

260 2782 316 2862 qui
341 2781 520 2840 dictionem
548 2778 646 2858 ipsius
676 2777 839 2838 satiricam
867 2777 910 2836 in
938 2778 1056 2858 scripta
1092 2801 1148 2844 sua
1176 2783 1291 2852 sedulo

258 2882 502 2944 transtule'mnt.
548 2881 755 2959 Quorumin
780 2899 917 2940 numero
944 2901 1043 2942 nemo
1066 2884 1290 2965 aspernabitur

258 3003 322 3045 ven
342 2983 441 3064 Eybii
456 2983 676 3064 margaritam,
700 2984 752 3042 cui
774 2983 914 3063 integros
936 3003 1029 3066 saepe
1044 2985 1205 3049 Iuvenalis
1219 3004 1291 3044 ver·

260 3107 330 3160 sus,
352 3085 519 3148 interdurn
540 3087 717 3165 scripturae
740 3087 895 3154 varietate
915 3087 1064 3168 insignes,
1085 3089 1224 3148 intextos
1238 3105 1294 3146 co·
1341 3109 1342 3120 ¹

260 3179 366 3274 g'novi.
413 3189 505 3268 Quae
533 3207 635 3269 quum
671 3200 799 3269 praeter
825 3189 890 3250 alia
917 3203 1078 3270 praestare
1106 3189 1222 3250 debeat
1250 3209 1293 3252 ex
1340 3217 1341 3224 ¹

172 3373 177 3380 .
259 3315 334 3356 mea
354 3292 515 3370 sententia
536 3309 638 3350 novus
667 3303 782 3381 poetae
804 3293 1068 3365 satiricieditos,
1089 3294 1240 3372 equidem
1255 3295 1293 3354 id

259 3395 322 3458 hac
344 3396 487 3456 editione
509 3411 578 3452 non
599 3392 701 3472 potui,
724 3403 849 3454 textum
865 3407 976 3481 tamen
991 3394 1123 3458 exhibui
1134 3397 1176 3461 ad
1187 3395 1292 3460 fidem

259 3500 328 3560 iam
350 3497 544 3558 collatorum
566 3491 726 3556 librorum
739 3507 774 3554 et
795 3497 835 3556 ad
851 3496 988 3578 Ruperti
1003 3499 1196 3580 exemplum,
1218 3520 1293 3562 mu-

170 3647 174 3654 .
260 3603 335 3662 tatic
356 3595 494 3660 subinde
517 3595 718 3677 quibusdam,
741 3617 822 3678 quae
845 3599 896 3658 vel
912 3600 979 3661 sine
995 3600 1112 3668 idonea
1134 3605 1295 3666 causain-
1339 3583 1340 3586 Ἴ

262 3703 374 3775 ducta,
397 3703 512 3766 velex
533 3712 649 3781 poetae
672 3701 800 3762 dicendi
823 3703 1052 3764 consuetudine
1073 3706 1192 3766 rectius
1215 3726 1295 3768 con-

262 3806 427 3867 stituenda
449 3803 637 3868 arbitrabar.
671 3803 878 3866 Coniecturae
902 3805 953 3865 vel
967 3827 1054 3868 meas
1076 3808 1128 3867 vel
1151 3809 1295 3873 aliorum

211 3969 214 3982 ‚
262 3931 335 3972 raro
358 3909 533 3979 introduxi,
555 3907 679 3988 saepius
702 3919 810 3968 autem
832 3907 1039 3989 dedinovam
1060 3910 1297 3990 interpunctio·

264 4031 359 4087 nem,
383 4031 465 4092 quae
486 4012 596 4070 lucem
618 4010 696 4072 locis
712 4010 947 4090 obscurioribus
969 4010 1107 4080 afferret,
1129 4016 1297 4076 asteriscos

248 4115 405 4182 ,versibus
426 4113 568 4202 additos,
591 4114 647 4198 qui
665 4115 768 4198 spurii
791 4113 997 4187 dicebantur,
1018 4104 1173 4196 emunit,
1195 4117 1296 4182 ratio·
