2706 4860
274 333 377 446 «ἱ,
556 315 1021 431 ntunluvsnlms
1123 409 1127 424 .

200 539 201 544 ’
278 539 313 602 Si
335 551 427 601 vacat
448 551 481 598 et
501 539 803 628 placidilretionern
824 503 1010 612 admittitis,
1033 505 1137 608 edanl.

279 659 390 738 Quum
411 671 504 718 tener
524 679 660 719 uxorem
682 659 778 720 ducat
793 632 913 740 (spodos
944 659 1074 725 Maevie
1095 657 1239 718 Tuscum
1309 711 1310 714 ,

276 766 368 861 Ft'gat
389 765 505 860 aprum
527 780 670 882 et'nuda
690 791 799 840 teneat
821 779 981 840 venabula
1002 797 1161 838 mamma:

275 899 430 959 Patricios
460 918 571 960 omnes
594 874 706 980 opibus
731 919 831 981 quum
851 911 1004 980 provocet
1028 917 1126 970 unus,

270 1021 351 1101 Quo
373 1019 530 1080 tondente
560 1021 662 1101 gravis
684 1021 795 1080 iuveni
816 1018 901 1080 mihi
921 1017 1023 1078 barba
1043 1016 1193 1076 sonabat:
1261 1011 1297 1078 25

279 1141 390 1218 Quum
419 1159 490 1228 pars
511 1140 657 1218 Niliacae
679 1139 799 1220 plebis,
828 1157 928 1220 quum
950 1157 1050 1198 verna
1071 1137 1195 1220 Canopi

239 1331 241 1340 s
280 1248 460 1341 Crispinus,
489 1257 602 1338 Tyrias
623 1259 760 1320 humero
782 1271 954 1320 revocante
976 1259 1136 1332 lacernas,

140 1406 151 1444 .’
237 1371 243 1384 ’
281 1379 422 1444 Ventilet
444 1351 599 1440 aestivum
622 1379 937 1460 digitissudentibus
960 1397 1094 1453 aurum,

278 1501 345 1564 Nec
367 1491 499 1566 sufferre
523 1512 618 1582 queat
639 1501 769 1560 maioris
790 1499 934 1580 pondera
956 1517 1120 1580 gemmeas

224 1681 232 1720 ι
261 1619 422 1704 ,Difficile
438 1632 484 1679 est
496 1621 627 1680 satiram
640 1595 865 1680 nonscribere.
888 1617 972 1678 Nam
995 1618 1063 1698 quis
1076 1617 1205 1697 iniquae
1260 1619 1302 1680 30

174 1801 177 1808 ,
237 1731 258 1774 l
278 1737 363 1822 Tam
384 1741 507 1820 patiens
528 1739 631 1812 urhis,
653 1733 723 1798 tam
745 1738 881 1812 ferreus,
911 1750 948 1797 ut
968 1749 1079 1798 teneat
1100 1757 1149 1810 se,

16 1839 28 1906 l
168 1830 172 1836 Ι
280 1859 455 1921 Caussidici
476 1879 561 1920 nova
583 1879 683 1940 quum
704 1861 816 1920 veniat
837 1859 953 1921 lectica
974 1856 1139 1918 Mathonis

203 2053 207 2077 ,
278 1976 381 2059 Blena
402 1978 484 2057 ipso:
504 1991 576 2060 post
598 1979 686 2038 hunc
707 1979 820 2060 magni
842 1979 966 2039 delator
988 1977 1085 2038 amici
1098 1955 1117 2035 ζΧ

278 2097 321 2159 Et
345 2099 408 2158 cito
429 2112 575 2180 rapturus
598 2100 637 2160 de
658 2097 829 2160 nobilitate
853 2118 995 2172 comesa,

281 2191 635 2304 Quodsuperest,quem
643 2204 1224 2300 Mass‘atimesquemmunerepalpat
1259 2213 1301 2280 35
1333 2223 1334 2226 ’

220 2338 248 2366 ⁸
282 2340 399 2416 Carus,
422 2353 454 2400 et
477 2342 639 2424 cuspide
662 2339 822 2423 Thymele
844 2341 1010 2422 summissa
1024 2338 1164 2400 Latino:
1334 2317 1335 2322 ἵ

282 2434 394 2540 Quunr
419 2471 453 2518 te
481 2465 720 2535 summoveant,
756 2462 811 2542 qui
831 2472 1025 2536 testamenta
1051 2469 1218 2518 merentur

280 2578 455 2653 Noctibus,
477 2580 513 2639 in
535 2583 660 2642 coelum
681 2599 761 2662 quos
782 2579 890 2642 evehit
912 2581 1035 2660 optime
1055 2579 1186 2639 summi,

281 2683 378 2759 Nunc
399 2699 452 2758 via
472 2718 647 2780 processus,
677 2701 803 2789 vetulae
825 2703 929 2762 vesica
948 2699 1085 2760 heatae?

280 2815 457 2880 Unciolam
477 2819 663 2882 Proculeius
684 2796 795 2896 hahet,
816 2822 873 2902 sed
895 2820 983 2882 Gillo
1007 2819 1182 2892 deuncem,
1260 2817 1306 2880 40

281 2936 392 2998 Partes
415 2939 545 3021 quisque
563 2957 638 3002 ‘suas
661 2939 702 3001 ed
722 2959 904 3002 mensuram
925 2939 1066 3020 inguinis
1087 2938 1189 3000 heres.

282 3059 432 3145 Accipiat
451 3079 528 3139 sane
549 3039 736 3122 mercedem
756 3061 913 3144 sanguinis
936 3071 968 3120 et
989 3060 1034 3120 sic
1082 3107 1087 3122 .

281 3177 424 3254 Palleat,
445 3193 483 3240 ut
503 3181 597 3242 nudis
619 3182 731 3263 pressit
754 3183 803 3262 qui
824 3179 965 3242 calcibus
988 3198 1147 3261 anguem,

281 3295 349 3359 Aut
370 3297 620 3382 Lugdunensem
641 3301 751 3362 rhetor
774 3300 912 3362 dicturus
934 3300 976 3362 ad
997 3321 1096 3362 ararn
1231 3377 1233 3381 ,

211 3405 213 3410 ’
285 3415 374 3498 Quid
394 3417 549 3495 referem,
573 3434 691 3502 quanta
711 3422 830 3482 siccum
849 3424 939 3483 iecur
960 3421 1070 3482 ardeat
1091 3423 1155 3496 ira,
1263 3417 1311 3484 45

284 3537 396 3618 Quum
410 3540 568 3621 populum
582 3531 728 3622 gregibus
740 3543 894 3602 comitum
901 3542 1018 3621 premit
1025 3541 1242 3624 hicspoliator

281 3655 407 3739 Pupilli
426 3659 618 3742 prostantis?
651 3673 684 3721 et
704 3661 758 3740 hic
780 3661 946 3722 damnatus
966 3662 1058 3724 inani

282 3775 410 3839 Iudicio
435 3779 528 3861 (quid
550 3782 637 3840 enirn
660 3782 752 3842 salvis
773 3781 907 3842 infamia
926 3783 1106 3859 nummisl)
1212 3847 1214 3856 ,

282 3895 383 3960 Exsul
403 3899 453 3960 ab·
468 3913 580 3962 octava
608 3900 729 3962 Marius
758 3901 863 3976 bibit„
885 3914 916 3962 et
944 3901 1061 3966 furitur
1088 3901 1136 3964 dis

273 4015 393 4082 hatis:
415 4032 448 4080 at
468 4033 507 4082 tu
526 4022 642 4082 victrix
661 4024 827 4110 provincia
847 4023 973 4106 ploras?
1269 4017 1323 4090 50
