2648 4858
350 401 738 486 sni1ttnx1v.
817 474 820 483 .
1001 424 1063 488 tta

41 597 194 678 Praecipit
215 609 311 678 atquc
333 594 457 657 enimes
478 613 645 656 servorum
667 609 702 656 et
722 595 856 678 corpora
878 607 989 658 nostra
1070 679 1074 690 Ι

4 767 5 772 ,
42 718 171 778 Materia
193 701 339 784 constare
360 727 454 798 putat
475 681 669 797 paribusdue
692 715 878 788 elementis,

42 838 227 898 insaevire
250 837 345 898 docet
365 835 508 909 Rutilus,
532 835 586 918 qui
608 834 727 916 gaudet
749 835 865 896 acerbo

40 957 205 1040 Plagarum
226 957 362 1037 strepitu
384 967 416 1016 et
437 956 563 1017 nullam
584 953 698 1016 Sirena
719 954 855 1036 flagellis
991 1026 995 1036 ⁸

42 1077 217 1168 Comparat,
231 1076 422 1156 Antiphates
434 1076 554 1157 trepidi
569 1076 645 1136 laris
667 1093 705 1136 ac
718 1073 954 1157 Polyphemus,
1019 1077 1062 1152 2⁰

42 1197 120 1257 Tum
141 1197 237 1270 ielis,
262 1197 385 1276 quoties
409 1197 522 1277 aliquis
544 1207 666 1256 tortore
688 1208 801 1256 vocato

42 1316 146 1388 Uritur
167 1317 295 1378 ardenti
317 1315 381 1376 duo
403 1328 536 1399 propter
556 1315 660 1378 lintea
681 1314 787 1376 ferro?

44 1434 120 1517 Quid
141 1437 254 1498 suadet
274 1439 385 1498 iuveni
407 1438 509 1498 laetus
525 1433 666 1496 stridore
693 1448 841 1510 catenae,

46 1557 139 1636 Quem
160 1535 245 1620 mire
262 1529 413 1618 'afficiunt
434 1557 589 1638 inscripta
611 1555 785 1636 ergastula,
809 1573 918 1618 carcer
992 1527 994 1532 Ι

42 1675 201 1740 Rusticus?
245 1663 431 1760 Exspectat,
452 1689 491 1736 ut
511 1693 579 1736 non
599 1677 640 1736 sit
662 1677 808 1740 adultera
829 1676 975 1757 Largae.
1018 1671 1061 1738 25
1117 1685 1126 1694 “

37 1796 131 1872 tilia,
153 1817 235 1880 quae
255 1815 436 1879 numquam
457 1810 621 1858 maternos
643 1795 751 1858 dicere
772 1795 925 1856 moechos

42 1916 115 1978 Tam
138 1919 203 1980 cito
224 1935 287 1976 nec
306 1929 399 1978 tanto
421 1919 540 1998 poterit
562 1930 733 1978 contexere
756 1933 867 1990 cursu,

22 2043 27 2052 '
43 2037 81 2097 Ut
98 2055 170 2100 non
188 2051 240 2101 ter
262 2036 367 2098 decies
386 1997 544 2118 respiret?
587 2036 725 2098 Conscia
745 2038 844 2098 matri
913 2086 914 2096 ,

42 2155 131 2242 Virgo
154 2157 234 2220 fuit:
258 2175 344 2218 ceras
366 2175 454 2218 nunc
475 2156 537 2218 hac
560 2155 703 2218 dictante
723 2157 854 2239 pusillas
912 2223 915 2230 ,

40 2263 153 2362 Implet
173 2287 209 2352 et
229 2279 271 2340 ad
292 2277 445 2340 moechos
466 2277 522 2338 det
543 2275 666 2337 eisdem
686 2274 770 2336 ferre
793 2273 943 2336 cinaedis.
1018 2243 1074 2342 30'

42 2400 88 2461 Sic
108 2413 225 2462 natura
246 2397 354 2460 iubet:
376 2397 518 2458 velocius
537 2409 574 2458 et
597 2397 690 2458 citius
712 2397 771 2456 nos

43 2519 258 2603 Corrumpunt
280 2519 434 2580 vitiorum
455 2515 604 2598 exempla
626 2515 816 2605 domestica,
839 2516 964 2596 magnit

44 2639 147 2721 Quum
168 2641 307 2702 subeunt
328 2639 453 2700 anintos
474 2635 667 2700 auctoribus.
711 2636 801 2698 Unus
824 2649 857 2696 et
879 2637 974 2726 alter,-
1073 2664 1077 2670 ·

4 2806 8 2835 ἱ
42 2747 181 2822 Forsitan
202 2760 283 2822 haec
305 2771 458 2842 spernant
479 2760 627 2831 iuvenes,
651 2759 765 2839 quibus
787 2770 856 2820 arte
877 2757 1019 2840 benigna

2 2929 3 2936 ,
41 2875 78 2938 Et
97 2881 232 2942 meliore
254 2882 324 2942 luto
345 2878 440 2940 finxit
460 2879 648 2960 praecordia
669 2878 782 2940 Titan:
913 2853 917 2859 ¹
1019 2878 1061 2944 36

44 2998 99 3060 Sed
118 3001 258 3082 reliquos
279 2999 433 3081 fugiende
454 3013 585 3081 patrum
606 2999 738 3078 vestigia
760 2997 899 3072 ducunt,

43 3117 80 3180 Et
99 3134 276 3190 monstrata
298 3120 355 3181 diu
376 3120 493 3180 veteris
511 3118 613 3180 trahit
635 3115 749 3180 orbita¹
762 3119 887 3202 culpae.
929 3111 963 3169 Β
1048 3153 1051 3160 ·

2 3267 3 3294 ι
43 3240 201 3303 Abstineas
222 3243 321 3323 igitur
343 3241 551 3302 dumnandisa
573 3239 668 3302 huius
682 3240 782 3308 ¹enim
803 3239 858 3329 vel
972 3229 974 3236 ’

45 3359 110 3422 Una
130 3375 245 3444 potens
266 3364 348 3438 ratio
372 3351 438 3436 eit,
461 3380 503 3424 ue
526 3361 795 3420 crimina-nostra
816 3371 990 3441 sequantur
1069 3361 1071 3365 ’

42 3477 85 3542 Ex
104 3483 196 3544 nobis
218 3469 510 3564 geniti2'quoniant
532 3480 651 3554 dociles
673 3481 838 3547 imitandis
934 3559 940 3566 ,
1019 3481 1065 3544 to
1141 3474 1143 3478 ’

44 3597 196 3683 Turpibus
217 3619 255 3708 ac
276 3605 381 3682 pravis
403 3623 514 3664 omnes
535 3618 660 3688 sumus:
684 3616 716 3662 et
740 3602 918 3664 Catilinam
1020 3595 1023 3602 ⁴

44 3716 236 3804 Quocunque
258 3723 295 3782 in
316 3721 436 3803 populo
458 3723 582 3796 videas,
606 3739 797 3805 quocunque
819 3723 878 3782 sub
902 3739 975 3782 are:

44 3835 100 3899 Sed
119 3859 179 3902 nec
202 3842 318 3924 Brutus
341 3843 419 3914 erit,
441 3843 533 3904 Bruti
554 3861 615 3904 nec
638 3841 814 3902 avunculus
836 3855 981 3922 usquam.
1056 3896 1061 3906 ,

45 3955 93 4019 Nil
114 3932 200 4035 dictu
223 3933 511 4042 ³foedum-visuque
533 3963 614 4024 haec
637 3935 903 4042 liminatangat,

47 4074 128 4142 Intra
150 4103 230 4164 quae
244 4101 324 4164 puer
337 4087 400 4142 es‘t:
418 4083 536 4174 'procul
556 4081 643 4154 hinc,
665 4081 778 4160 procul
791 4083 835 4141 ite
852 4083 979 4162 puellae
1022 4083 1064 4146 45

231 4194 247 4214 ’
819 4205 840 4268 8
