2706 4860
40 48 46 122 ἴ
134 46 138 55 .

38 155 41 302 l

37 319 41 398 ἰ

37 409 39 432 ,

36 456 38 502 ι

316 374 649 508 'luamus
692 442 753 508 v1.
1033 447 1080 516 tt

34 553 39 708 l
60 614 198 676 luxuria
223 611 375 678 incubuit
396 617 581 698 victumque
600 617 767 680 ulciscitur
782 619 905 687 orbem.
969 655 972 662 -

33 711 36 856 l
60 735 190 795 Nullum
214 735 338 796 crimen
356 735 445 827 abest
464 735 649 819 facinusque
670 729 823 814 libidinis,
845 761 884 802 ex
904 755 967 822 quo

32 854 228 948 !Paupertas
242 853 391 916 Romana
406 834 503 936 perit:
526 851 604 918 hinc
618 839 796 927 tluxited
786 871 861 920 istos
1016 859 1082 930 296
1203 867 1206 878 '

31 973 32 986 ¹
59 971 92 1034 u
111 971 245 1056 Sybaris
265 974 380 1048 colles,
402 974 481 1036 binc
500 988 533 1036 et
552 975 683 1038 Rhodos
704 991 736 1038 et
752 977 885 1040 Miletos

58 1097 155 1175 Atque
169 1105 363 1154 coronatum
373 1107 406 1154 et
422 1095 569 1176 petulans
583 1063 814 1178 madidumque
829 1097 1028 1164 Tarentumt

58 1214 159 1278 Prima
180 1215 367 1297 peregrinos
382 1214 549 1293 [obscoena
567 1217 706 1295 pecunia
719 1235 825 1278 mores
916 1257 925 1296 ι

58 1334 164 1396 1ιιιιι11ι
189 1347 222 1396 et
242 1336 332 1414 turpi
354 1333 518 1416 fragenmt
543 1334 672 1396 saecula
692 1335 771 1396 luxu
802 1323 828 1406 ¹]

57 1453 191 1516 Divitiae
212 1453 338 1516 molles.
381 1439 470 1534 Quid
488 1455 577 1516 euim
595 1453 703 1514 Venus
725 1449 815 1516 ebria
836 1456 966 1518 curat?.
1012 1461 1078 1528 800
1175 1438 1180 1450 .

62 1573 194 1654 Inguinis
215 1587 250 1636 et
269 1574 380 1656 capitis
400 1593 481 1656 quae
500 1575 564 1636 sint
580 1571 781 1649 discrimina,
803 1575 921 1644 nescite

60 1693 195 1756 Grandia
216 1710 297 1776 quae
318 1693 433 1759 mediis
463 1695 531 1762 iam
548 1693 698 1758 noctibus
721 1708 825 1757 ostrea
844 1695 989 1772 mordet,
1010 1699 1015 1719 “

60 1813 162 1893 Quum
184 1813 313 1896 perime
329 1833 420 1876 mero
438 1827 590 1900 spumant
609 1829 776 1896 unguente
791 1815 945 1892 Falerno,

58 1934 160 2014 Quum
183 1934 308 1996 bibitur
327 1933 467 2011 concha,
496 1907 597 2017 quum
617 1935 687 1997 iam
704 1937 862 2018 vertigiue
883 1949 1008 2000 tectum

56 2055 203 2135 Ambulat
224 2068 257 2116 et
278 2056 414 2136 geminis
437 2055 577 2138 exsurgit
596 2075 709 2118 mensa
729 2056 880 2120 lucernis.
961 2099 976 2122 Δ.
1008 2057 1073 2126 805

56 2173 70 2233 I
87 2195 171 2235 nunc
195 2189 228 2235 et
247 2173 380 2250 dubita,
403 2139 465 2256 qda
477 2174 606 2236 sorbeat
620 2182 697 2242 abra
718 2197 819 2238 sanna
879 2197 883 2207 ¹

56 2292 171 2370 Tullia,
201 2295 280 2376 quid
302 2295 388 2356 dicat
412 2305 509 2354 notae
531 2295 687 2356 collactea
711 2295 865 2371 Maurae,

55 2414 162 2478 Maura
182 2414 362 2477 Pudicitiae
385 2427 530 2474 veterem
549 2435 649 2496 quum
670 2393 823 2496 praeterit
843 2433 941 2478 mam.

57 2535 202 2598 Noctibus
224 2535 280 2596 hic
292 2547 419 2616 pouuut
441 2533 588 2611 lecticas,
609 2537 802 2596 micturiunt
822 2533 877 2598 hic
958 2565 961 2574 ι

55 2655 260 2738 Effigiemque
272 2655 362 2716 Deae
376 2653 480 2737 longis
496 2653 683 2736 siphonibus
698 2649 852 2736 implent,
1007 2659 1072 2724 310

57 2775 148 2857 Inque
162 2777 248 2836 vices
261 2776 459 2888 equitauttao
471 2765 551 2841 luna
563 2785 644 2836 teste
656 2788 840 2869 moventur.
871 2785 874 2823 ι’

59 2895 126 2958 Inde
145 2896 258 2956 domos
274 2895 408 2956 abeunt:
430 2908 469 2956 tu
482 2896 584 2958 calcas
597 2895 671 2955 luce
684 2913 811 2955 reversa

60 3015 199 3098 Coniugis
217 3016 347 3078 utinam
361 3033 494 3096 magnos
511 3015 635 3076 visurus
658 3015 788 3076 amicos.

57 3135 130 3198 Nota
143 3137 253 3198 Bonae
268 3145 391 3194 secreto
402 3132 500 3208 Deae,
524 3151 625 3214 quum
639 3133 720 3194 tibia
738 3129 866 3192 lumbos

54 3255 163 3320 Incitat
176 3269 210 3319 et
233 3273 334 3316 comu
354 3253 475 3336 pariter
498 3252 637 3342 vinoque
651 3251 801 3314 feruntur
1005 3255 1083 3336 3¹⁶,

56 3375 212 3438 Attonitae
237 3377 422 3456 crinemque
440 3385 549 3435 rotant
567 3373 757 3453 ululsmtque
770 3365 880 3456 Priapi

55 3493 231 3558 Maenades.
256 3525 259 3532 ·
274 3495 303 3556 Ο
317 3507 454 3576 quantus
467 3506 546 3554 tunc
561 3493 804 3559 illis-mentibus
819 3493 915 3558 ardor

55 3615 254 3678 Concubitus.
298 3615 388 3696 Quae
408 3635 471 3675 vox
489 3615 627 3676 saltante
646 3613 793 3680 libidine.
836 3615 983 3696 Qua-nun
1092 3590 1095 3594 ⁵
1128 3605 1133 3619 ¹

53 3734 107 3798 Ille
126 3737 210 3808 meri
222 3737 336 3798 veteris
349 3747 411 3816 per
428 3755 522 3796 cmra
535 3733 699 3798 medentis
708 3748 850 3800 torrem

52 3855 217 3920 Lononum
230 3855 363 3918 ancillas
380 3855 483 3936 posita
504 3853 763 3920 Saufeiacorona
803 3907 815 3928 .
1001 3859 1066 3924 820

53 3971 203 4064 Provopat
216 3991 250 4039 et
262 3975 350 4037 tollit
368 3974 536 4056 pendentis
552 3975 696 4057 praemia
715 3983 827 4037 coxae:

55 4090 120 4174 Ipsa
130 4096 331 4164 Medullinae
352 4095 666 4160 fluctumcrissaotis
683 4095 807 4159 adorat:
850 4155 853 4162 .
