2706 4860
294 517 298 545 l

275 430 317 492 aa
457 500 462 517 1
552 375 1022 488 ammonentem
1217 415 1220 422 ·

276 584 438 679 Adspice,¹
452 607 549 678 quam
569 595 668 678 longo
691 593 850 656 distendat
871 607 1001 674 pectore
1023 592 1169 664 lancem,
1261 591 1307 655 80

278 719 370 800 Quae
391 687 492 778 fertur
514 716 646 777 domino
668 714 785 794 squilla
806 724 838 772 et
861 713 974 792 quibus
996 712 1137 794 undique
1153 700 1245 792 septa

191 822 194 840 ’
275 829 546 922 Asparagis,.qua
568 835 722 916 despiciat
743 833 889 894 convivia
911 834 1029 906 cauda,
1184 819 1195 846 ‘

274 958 386 1040 Quum
407 957 497 1017 venit
518 953 805 1040 excelaipmanibus
826 951 950 1014 sublata
970 929 1119 1018 ministri.

272 1077 337 1138 Sed
358 1075 420 1137 tibi
437 1075 577 1136 vdimidio
600 1075 788 1134 constrictus
811 1090 990 1132 cammarus
1011 1093 1071 1132 ovo

272 1196 409 1258 Ponitur
430 1195 545 1278 exigua
566 1193 673 1254 feralis
695 1212 795 1254 coena
816 1193 946 1273 patella.
1028 1219 1029 1226 ¹

272 1315 344 1396 Ipse
358 1314 550 1376 'Venafrano
572 1316 693 1395 piscem
713 1313 895 1409 perfundit:
913 1327 950 1374 ut
972 1313 1045 1387 hic,
1067 1314 1123 1393 qui

155 1481 162 1496 .
271 1433 414 1496 Pallidus
436 1434 570 1496 affertur
590 1435 707 1494 misero
729 1433 790 1510 tibi
811 1434 925 1507 caulis,
946 1433 1049 1494 olebit
1341 1527 1343 1534 Ι

272 1554 464 1617 Laternama
484 1551 568 1616 illud
590 1553 678 1615 enim
700 1553 809 1614 vestris
833 1551 927 1614 detur
949 1553 1094 1628 alveolis,
1118 1553 1205 1635 quod
1343 1574 1344 1646 p

273 1675 387 1736 Canna
407 1667 617 1756 Micipsarum
638 1694 734 1756 prora
755 1673 902 1734 subvexit
923 1687 1034 1748 acuta,
1104 1711 1106 1716 ·

271 1795 408 1876 Propter
429 1797 515 1876 quod
536 1795 660 1856 Romae
682 1813 758 1856 cum
772 1793 935 1856 Bocchare
953 1813 1051 1856 nemo
1065 1795 1209 1884 levatur,
1254 1797 1300 1860 90
1344 1856 1345 1892 ,

273 1915 371 1996 Quod
392 1927 477 1976 tutos
498 1917 598 1976 etiam
618 1915 698 1976 lacit
720 1935 739 1975 a
760 1915 960 1996 serpentibus
982 1915 1082 1977 Afros.

270 2035 394 2096 Mullus
416 2036 478 2096 erit
499 2035 632 2110 domini,
657 2053 754 2116 quem
775 2036 862 2096 misit
885 2036 1023 2112 Corsica,
1045 2037 1097 2097 vel
1113 2055 1211 2117 quem

269 2153 563 2217 Tauromenitanae
584 2175 699 2236 rupes,
722 2153 850 2235 quando
874 2173 970 2215 omne
992 2170 1160 2237 peractum
1183 2172 1231 2218 est

263 2269 312 2338 ¹Et
332 2277 400 2336 iam
422 2274 541 2336 defecit
560 2287 708 2336 nostrum
729 2293 835 2348 mare,
859 2275 938 2334 dunt
959 2277 1035 2356 gula
1059 2279 1161 2338 saevit

267 2395 404 2458 Ratibus
425 2397 556 2456 assiduis
577 2396 706 2476 penitus
727 2407 888 2456 scrutante
914 2397 1053 2456 macello
1206 2453 1207 2456 ,
1251 2397 1312 2466 95»
1346 2431 1347 2450 ,

266 2515 436 2590 Proxima,
458 2535 520 2577 nec
542 2517 684 2596 patimur
705 2513 910 2595 Tyrrhenum
935 2531 1076 2576 crescere
1097 2521 1230 2600 piscem.
1268 2576 1272 2580 .

266 2633 402 2694 Instruit
423 2653 498 2716 ergo
513 2635 622 2694 focum
642 2634 823 2714 provincia:
844 2636 981 2696 sumitur
996 2635 1106 2696 illine,

267 2753 364 2835 Quod
387 2767 533 2835 captator
554 2766 642 2814 emat
662 2751 786 2830 Lenes,
814 2757 945 2816 Aurelia
967 2755 1096 2818 vendat.

268 2862 402 2933 Virroni
422 2892 579 2933 muraena
601 2872 705 2948 datur,
729 2894 810 2956 quae
832 2877 974 2938 maxima
995 2879 1082 2938 venit

267 2992 404 3075 Gurgite
418 2993 458 3053 de
481 2991 606 3054 Siculo:
628 3013 716 3068 nem,
739 2996 818 3058 dum
838 3019 870 3058 se
894 2999 1038 3060 continet
1058 3000 1184 3076 Auster,
1230 3005 1296 3068 100

267 3111 357 3173 Dum
378 3113 468 3174 sedet
489 3125 521 3174 et
542 3115 641 3174 siccat
662 3115 807 3176 madidas
825 3119 860 3178 in
883 3134 1010 3178 carcere
1033 3137 1164 3199 pennas,

266 3231 489 3293 Contemnunt
516 3233 659 3294 mediam
690 3238 864 3297 temeraria
885 3237 952 3299 lina
975 3238 1183 3320 Charybdim.

265 3351 330 3410 Vos
353 3353 497 3432 anguilla
519 3367 630 3413 manet
658 3355 773 3436 longae
796 3371 932 3438 cognata
954 3359 1120 3433 colubrae,

264 3471 330 3530 Aut
352 3471 455 3552 glacie
478 3473 641 3554 adspersus
663 3476 799 3536 maculis
821 3477 991 3537 Tiberinus
1007 3461 1046 3540 et
1068 3445 1135 3561 ipso

265 3569 411 3653 Vernula
432 3594 577 3674 riparum
604 3596 731 3676 pinguis
753 3607 895 3656 torrente
918 3598 1027 3660 cloaca
1227 3604 1292 3670 106

263 3709 437 3773 Ft'solitus
459 3715 587 3776 mediae
617 3729 764 3800 cryptam
786 3730 955 3796 penetrare
977 3718 1133 3783 Suburae.

218 3843 220 3854 ’
263 3830 327 3911 ipsi
343 3853 444 3912 pauca
467 3836 577 3908 velim,
606 3834 738 3896 facilem
758 3838 785 3896 si
806 3838 957 3917 praebeat
978 3861 1106 3900 aurem:

184 3972 185 3981 ¹
262 3929 366 4011 Nemo
390 3939 485 4038 petit,
516 3955 650 4014 modicis
680 3976 761 4034 quae
789 3959 1001 4020 mittebantur
1023 3963 1133 4021 amicis

262 4071 291 4130 A
313 4071 452 4147 Seneca,
476 4094 556 4152 quae
577 4075 649 4135 Piso
673 4075 792 4152 bonus,
816 4099 896 4158 quae
919 4080 1014 4140 Cotta
1035 4080 1158 4141 solebat

783 4211 797 4244 b
