2706 4860
362 603 479 674 rra
518 597 854 685 nAemnca,

172 873 377 946 SUMME
404 865 754 974 REVERENDE
782 857 1061 932 GYMNASII

504 1121 685 1192 EPHOR
698 1119 739 1192 E.

200 1873 275 1932 Non
299 1871 447 1958 existimo
469 1869 592 1929 futuros
616 1889 690 1945 esse,
714 1874 769 1952 qui
791 1873 943 1933 audaciae
965 1893 1017 1932 rne
1040 1887 1073 1932 et
1095 1874 1144 1932 in-

109 1975 330 2038 verecundiae
353 1986 520 2046 accusent,
543 1973 629 2053 quod
651 1969 774 2034 hancce
797 1973 958 2038 Iuvenalis
980 1975 1149 2056 satirogra·
1231 1973 1236 1980 “

111 2081 175 2164 phi
205 2080 382 2139 editionem
410 2077 550 2137 nominis
584 2075 666 2138 TUI
693 2079 945 2161 praescriptione
975 2099 1147 2140 exornave-

113 2186 199 2255 rim,
222 2201 323 2262 quum
344 2199 454 2240 secum
475 2173 672 2259 reputarint,
696 2199 772 2240 eum
794 2183 895 2241 talem
917 2201 998 2256 esse,
1022 2184 1077 2262 qui
1099 2201 1148 2240 ar·
1192 2211 1195 2215 ·
1235 2254 1239 2262 ἱ

121 2270 277 2368 gumenta
289 2284 472 2364 gravissima
489 2303 528 2342 ex
548 2283 654 2343 ethica
671 2283 844 2364 disciplina
863 2283 1069 2367 deprompta,
1103 2303 1150 2344 se·
1233 2328 1240 2334 -

118 2387 369 2466 luber-rimisque
390 2385 556 2444 sententiis
580 2385 729 2446 distincta
751 2391 1009 2467 pertractaverit,
1031 2401 1069 2447 ut
1089 2385 1152 2448 sibi

115 2493 199 2554 inde
214 2489 394 2550 celebrem
386 2500 471 2548 mter
483 2485 689 2566 philosophos
707 2489 817 2548 locum
830 2501 966 2570 pararet,
990 2504 1052 2550 eta
1067 2489 1152 2550 mul·

1224 2442 1237 2468 Χ

116 2589 406 2674 descriptoribus,
435 2591 536 2650 veluti
566 2611 584 2650 a
612 2589 707 2650 Petro
731 2591 908 2666 Blaesensi‚
938 2593 984 2653 Io.
1015 2591 1153 2653 Sarisbe
1220 2621 1229 2639 ι

116 2699 238 2770 riensi,
270 2695 442 2756 Vincentio
464 2693 639 2754 Bellov.l
608 2691 741 2776 aliisque
764 2687 896 2756 Ethicus
918 2699 1157 2756 nominaretur.

117 2805 166 2864 Ut
190 2819 292 2861 unam
312 2797 426 2858 saltem
449 2818 488 2856 ex
511 2799 644 2878 egregiis
675 2799 742 2858 eius
763 2803 865 2862 satiris
890 2814 1172 2890 commemorem,-

120 2929 163 2968 ex
188 2923 250 2985 qua
272 2913 438 2984 appareat,
469 2921 565 2982 quam
585 2901 721 2992 dignum
742 2923 774 2963 se
797 2906 991 2990 praestiterit
1013 2905 1075 2965 hoc
1097 2925 1163 2975 no-¹

119 3012 226 3080 mine,
250 3005 478 3094 consideranda
501 3017 547 3064 est
569 3005 705 3081 decima,
729 3027 809 3086 quae
832 3023 1059 3090 argumentum
1080 3029 1155 3067 con·

120 3115 211 3180 tinet
233 3109 272 3169 de
298 3109 446 3189 precibus
473 3129 510 3168 ac
531 3111 628 3183 votis,
659 3093 969 3190 praestantissimum
998 3127 1091 3183 sane,
1124 3123 1156 3168 et

122 3234 228 3296 aeque
250 3213 332 3272 bene
358 3231 376 3270 a
398 3211 551 3273 Iuvenale
575 3226 669 3292 atque
693 3232 712 3272 a
733 3213 869 3276 Platone
894 3209 1026 3294 aliisque
1049 3213 1155 3295 philo

121 3316 235 3398 'sophis
257 3327 508 3396 pertractatum,
535 3315 593 3374 ubi
616 3335 717 3396 quum
741 3309 900 3388 docuerit,
930 3316 1098 3376 homines
1096 3337 1157 3396 pa·
1193 3387 1205 3404 ῃ

121 3435 203 3480 rum
224 3417 421 3501 intelligere,
445 3437 524 3498 quae
548 3437 632 3493 vera,
656 3437 800 3500 quaeque
824 3420 954 3500 opinata
976 3419 1040 3478 sint
1061 3420 1156 3492 bona,

123 3522 169 3582 ad
193 3533 376 3581 extremum
398 3521 503 3594 addit,
532 3521 691 3616 orandum
713 3539 779 3582 esse
810 3542 908 3603 quam
930 3523 1085 3594 maxime,
1118 3523 1159 3584 Ut

126 3645 222 3688 mens
243 3625 289 3683 sit
309 3643 393 3686 sana
417 3613 461 3686 in
477 3645 615 3704 corpore
637 3645 737 3686 sano:
767 3626 853 3705 quod
883 3625 1014 3706 quidem
1037 3627 1161 3687 dictum

112 3747 231 3810 'quam
252 3725 334 3785 utile
356 3727 466 3787 multis
488 3728 590 3787 nostri
611 3725 682 3789 aevi
703 3727 890 3788 hominibus
909 3728 1056 3788 futurum
1071 3743 1162 3804 esset,

127 3833 156 3892 si
180 3829 221 3890 ab
244 3827 320 3910 ipsis
343 3831 451 3890 animo
473 3829 662 3911 infigeretur
683 3843 717 3890 et
739 3831 912 3913 diligenter
931 3833 1161 3906 observaretur,
1200 3870 1203 3892 t

129 3945 324 4044 quantaque,
332 3931 406 3992 inde
420 3952 519 4018 quum
533 3936 581 3994 rei
597 3935 783 4007 litterariae,
801 3947 872 3995 tum
889 3936 1068 3996 civitatibus
1090 3956 1162 4014 pro-

104 4053 107 4059 ’
124 4039 285 4122 'manaret
296 4035 425 4109 utilitas,
438 4055 505 4095 non
520 4037 665 4117 estquod
684 4035 877 4110 TIBI,VIR
892 4035 1163 4108 MAGNJFJCE,

126 4141 258 4214 dicam,
296 4139 383 4201 cuius
406 4137 595 4221 sapientiam
625 4151 657 4198 et
676 4140 854 4239 [consilium
886 4139 1163 4235 indeliberandu

208 4270 224 4319 *l
