2706 4860
275 405 333 472 Μ
468 469 471 481 ,
578 404 618 468 D.
641 399 742 464 lon.
764 391 1054 466 IUV'ENALIS

428 501 430 516 '
580 503 588 539 i

123 619 126 630 ,
190 629 192 634 ,
250 597 253 608 ’
289 573 469 662 Poplitibus
486 574 609 649 sedeat,
631 591 728 655 quam
751 571 848 632 denso
871 569 966 644 fascia
990 571 1088 644 libro,

287 693 330 757 Et
347 695 433 770 ride,
455 693 623 774 scaphium
644 693 764 778 positis·
777 689 878 774 quum·
896 693 1034 752 sumitur
1052 692 1161 753 armis.
1231 739 1235 744 .
1339 691 1342 770 J

286 811 394 876 Dicite
414 835 467 875 vos
486 819 598 895 neptes
619 800 883 894 Lepidi-caecive
906 811 1067 885 Metelli‚'
1241 805 1303 872 265
1340 785 1342 820 ³

287 933 429 1015 Gurgitis
451 943 507 995 aut
525 932 633 1007 Fabii,
657 943 737 1012 quae
755 933 845 1002 ludia
866 932 1013 992 sumserit
1035 949 1181 1012 unquam
1337 903 1342 938 l

284 1051 353 1117 Hos
374 1051 523 1114 habitus?
547 1053 672 1134 quando
695 1053 736 1113 ad
755 1053 868 1134 palum
889 1064 1094 1132 gematuxor
1113 1049 1219 1131 Asyli?

344 1171 479 1252 Semper
494 1169 600 1233 babet
619 1173 707 1247 lites,
730 1173 915 1252 alternaque
937 1173 1179 1252 iurgialectus,

282 1287 323 1352 In
348 1311 411 1374 quo
430 1305 532 1373 nupta
551 1293 651 1358 iacet:
679 1293 855 1354 minimum
878 1278 1036 1356 ‹lormitnr
1054 1291 1090 1352 iu
1110 1290 1179 1352 illo.

282 1411 377 1476 Tunc
397 1391 580 1493 gravis‘illa
600 1411 683 1484 viro,
712 1424 792 1472 tunc
815 1381 1028 1492 orbatigride
1050 1411 1156 1492 peior,
1244 1411 1301 1478 tto

281 1531 393 1612 Quum
412 1533 543 1624 simulat
565 1533 702 1614 gemitus
729 1531 851 1592 o'ooulti
873 1532 1000 1592 conscia
1013 1529 1108 1605 sacti,
1343 1531 1344 1600 l

278 1653 345 1735 Aut
364 1653 436 1712 odit
456 1665 586 1732 pueros,
610 1665 665 1712 aut
683 1650 761 1712 ficta
780 1651 898 1734 pellice
919 1652 1058 1732 plorat,⁴

280 1771 440 1831 Uberibus
460 1789 597 1850 semper·
609 1741 749 1831 lacrimis
771 1774 959 1852 semperque
983 1771 1101 1851 paratis

277 1888 319 1950 In
341 1877 557 1950 statione-{ua
579 1904 674 1970 atque
695 1891 951 1971 exspectantibus
973 1891 1080 1962 illam,

277 2005 352 2088 Quo
372 2009 482 2070 iubeat
496 2029 628 2070 manare
648 2007 761 2070 modo:
791 2024 828 2070 tu
852 2011 952 2072 credis
971 2028 1130 2082 amorem,
1240 2003 1300 2074 275

275 2127 329 2188 Tu
348 2127 410 2188 tibi
428 2142 507 2188 tunc
527 2147 661 2188 curruca
676 2129 782 2208 places
802 2129 978 2208 fletumque
1002 2129 1128 2187 labellis

201 2324 203 2341 .
275 2226 444 2310 Exsorbes:
459 2243 548 2330 ‘quae
568 2250 703 2328 scripta,
725 2263 759 2310 et
780 2263 858 2330 quot
880 2251 1001 2311 lecture
1017 2248 1170 2322 tabellas,

198 2445 201 2454 γ
272 2367 308 2429 Si
322 2367 383 2429 tibi
403 2369 568 2450 zelotypae
583 2360 776 2447 retegantur'
788 2362 904 2429 sc'riuiu
925 2361 1091 2429 moebhae.

272 2487 337 2549 Sed
356 2491 440 2550 iacet
461 2490 497 2548 in
518 2490 601 2548 servi
622 2487 841 2567 complexibus
870 2500 925 2547 aut
945 2477 1075 2566 equitis:
1098 2488 1167 2564 dio,

172 2619 174 2630 '
271 2603 336 2668 Dte
350 2607 506 2687 aliquem,
528 2607 632 2679 sudes,
656 2601 724 2680 die,
748 2605 964 2684 Quintiliane,
989 2606 1146 2666 colorem:
1231 2612 1294 2675 280

237 2734 242 2745 “
271 2713 465 2786 Haeremus:
488 2725 540 2785 ‘dic
559 2727 642 2806 ipsa:
665 2723 746 2784 olim
769 2738 977 2798 convenerat,
998 2727 1119 2806 inquit,
1346 2717 1347 2720 ¹

271 2845 318 2907 Ut
338 2845 460 2906 iaceres
480 2858 533 2918 tu,
557 2845 643 2926 quod
662 2843 775 2904 velles:
797 2863 943 2906 necnon
965 2863 1024 2928 ego
1045 2865 1189 2927 possem‘

270 2965 443 3046 indulgere
460 2965 559 3025 mihi:
589 2964 705 3024 clames
728 2964 806 3025 licet
827 2977 860 3024 et
878 2985 967 3026 mare
987 2967 1076 3026 coelo
1113 2965 1116 2973 '
1207 3011 1223 3018 η

261 3079 593 3159 'confundam-homo
612 3105 696 3145 sum.
733 3085 832 3146 Nihil
854 3100 900 3146 est
921 3085 1073 3146 audacius
1092 3087 1157 3147 illis
1188 3135 1191 3142 .

267 3201 456 3286 Deprensis:
472 3207 562 3268 iram
582 3217 675 3286 etque
699 3207 822 3274 animos
843 3209 1020 3268 anerimine
1035 3203 1176 3266 sumunt.
1229 3206 1292 3274 285

266 3324 362 3385 Unde
381 3324 464 3384 haec
484 3339 626 3408 monstra
645 3340 757 3386 tamen
787 3327 838 3386 vel
860 3347 923 3407 quo
946 3327 989 3386 de.
1001 3327 1090 3386 fonte
1110 3323 1283 3408 tequirisl'

264 3443 452 3508 Praestabat
474 3457 571 3506 cattas
584 3446 716 3506 humilis
737 3447 866 3508 fortuna
886 3443 1023 3507 Latinas.

266 3541 456 3644 Quondam,
478 3580 539 3626 nae
559 3565 644 3628 vitiis
666 3569 811 3649 contingi
829 3585 926 3647 parva
947 3565 1094 3626 sinebant

263 3683 365 3745 Tecta
385 3684 477 3746 labor
496 3685 671 3767 somnique
684 3688 794 3747 breves
819 3699 854 3746 et
883 3686 999 3746 vellere
1027 3686 1132 3747 Tusco

259 3801 404 3864 vexatae
427 3806 587 3887 duraeque
605 3801 721 3868 manus
742 3825 779 3866 ac
800 3805 964 3886 proximus
982 3807 1055 3868 urbi
1206 3787 1287 3870 '290

127 3983 132 4010 ι
260 3897 428 3988 Hannibal
446 3921 480 3988 et'
498 3941 615 3988 stantes
638 3927 767 3988 Collina
788 3939 877 3985 turre
894 3927 1017 3988 mariti.

259 4025 358 4108 Nunc
376 4047 519 4134 patimur
540 4049 656 4132 longae
677 4049 765 4130 paci·
782 4047 883 4110 mala:
913 4049 1040 4109 saevior
1052 4048 1156 4120 amab
1192 4113 1200 4122 ,
1264 4091 1271 4102 .

928 4340 931 4349 “
1074 4336 1082 4368 i
