<?xml version="1.0" encoding="UTF-8"?>
<!DOCTYPE html PUBLIC "-//W3C//DTD XHTML 1.0 Transitional//EN"
    "http://www.w3.org/TR/xhtml1/DTD/xhtml1-transitional.dtd">
<html xmlns="http://www.w3.org/1999/xhtml" xml:lang="en" lang="en">
 <head>
  <title>
</title>
<meta http-equiv="Content-Type" content="text/html;charset=utf-8" />
  <meta name='ocr-system' content='tesseract 3.04.00' />
  <meta name='ocr-capabilities' content='ocr_page ocr_carea ocr_par ocr_line ocrx_word'/>
</head>
<body>
  <div class='ocr_page' id='page_1' title='image "./satiraexvi00juvgoog_0103.png"; bbox 0 0 2648 4858; ppageno 0'>
   <div class='ocr_carea' id='block_1_1' title="bbox 989 259 1013 300">
    <p class='ocr_par' dir='ltr' id='par_1_1' title="bbox 989 259 1013 300">
     <span class='ocr_line' id='line_1_1' title="bbox 989 259 1013 300; baseline 0 -36"><span class='ocrx_word' id='word_1_1' title='bbox 989 259 1013 300; x_wconf 52' lang='lat' dir='ltr'><strong><em>s</em></strong></span> 
     </span>
    </p>
   </div>
   <div class='ocr_carea' id='block_1_2' title="bbox 274 399 1025 538">
    <p class='ocr_par' dir='ltr' id='par_1_2' title="bbox 274 399 1025 538">
     <span class='ocr_line' id='line_1_2' title="bbox 274 399 1025 538; baseline -0.009 -25"><span class='ocrx_word' id='word_1_2' title='bbox 274 419 319 514; x_wconf 71' lang='lat' dir='ltr'><strong>&#39;se</strong></span> <span class='ocrx_word' id='word_1_3' title='bbox 461 483 492 538; x_wconf 36' lang='lat' dir='ltr'><strong>f·</strong></span> <span class='ocrx_word' id='word_1_4' title='bbox 549 399 1025 530; x_wconf 73' lang='grc'>111111111111111111</span> 
     </span>
    </p>
   </div>
   <div class='ocr_carea' id='block_1_3' title="bbox 73 585 1323 4180">
    <p class='ocr_par' dir='ltr' id='par_1_3' title="bbox 73 585 1323 4180">
     <span class='ocr_line' id='line_1_3' title="bbox 275 585 1178 700; baseline -0.007 -18"><span class='ocrx_word' id='word_1_5' title='bbox 275 585 462 682; x_wconf 79' lang='lat' dir='ltr'><strong>llelificatus</strong></span> <span class='ocrx_word' id='word_1_6' title='bbox 484 615 640 679; x_wconf 78' lang='lat' dir='ltr'><strong>Athos-et</strong></span> <span class='ocrx_word' id='word_1_7' title='bbox 662 615 817 700; x_wconf 86' lang='lat' dir='ltr'><strong>quidquid</strong></span> <span class='ocrx_word' id='word_1_8' title='bbox 839 591 1146 678; x_wconf 70' lang='grc'>6111111111111111111</span> <span class='ocrx_word' id='word_1_9' title='bbox 1173 597 1178 604; x_wconf 44' lang='lat'>¹</span> 
     </span>
     <span class='ocr_line' id='line_1_4' title="bbox 274 735 1288 824; baseline 0.001 -24"><span class='ocrx_word' id='word_1_10' title='bbox 274 739 437 824; x_wconf 65' lang='grc'>1111111111</span> <span class='ocrx_word' id='word_1_11' title='bbox 459 737 610 800; x_wconf 86' lang='lat' dir='ltr'><strong>historia:</strong></span> <span class='ocrx_word' id='word_1_12' title='bbox 633 748 831 796; x_wconf 78' lang='lat' dir='ltr'><strong>constratum</strong></span> <span class='ocrx_word' id='word_1_13' title='bbox 854 735 1002 812; x_wconf 86' lang='lat' dir='ltr'><strong>classibus</strong></span> <span class='ocrx_word' id='word_1_14' title='bbox 1022 737 1127 797; x_wconf 90' lang='lat' dir='ltr'><strong>isdem</strong></span> <span class='ocrx_word' id='word_1_15' title='bbox 1209 755 1215 774; x_wconf 63' lang='lat'>⁸</span> <span class='ocrx_word' id='word_1_16' title='bbox 1238 735 1288 802; x_wconf 77' lang='lat'><strong>175</strong></span> 
     </span>
     <span class='ocr_line' id='line_1_5' title="bbox 275 835 1216 958; baseline -0.003 -37"><span class='ocrx_word' id='word_1_17' title='bbox 275 835 544 958; x_wconf 59' lang='lat' dir='ltr'><strong>Suppoq&#39;tumque</strong></span> <span class='ocrx_word' id='word_1_18' title='bbox 565 858 643 918; x_wconf 89' lang='lat' dir='ltr'><strong>rotis</strong></span> <span class='ocrx_word' id='word_1_19' title='bbox 664 857 804 916; x_wconf 90' lang='lat' dir='ltr'><strong>solidum</strong></span> <span class='ocrx_word' id='word_1_20' title='bbox 825 877 927 918; x_wconf 88' lang='lat' dir='ltr'><strong>mare:</strong></span> <span class='ocrx_word' id='word_1_21' title='bbox 951 857 1112 917; x_wconf 90' lang='lat' dir='ltr'><strong>credimus</strong></span> <span class='ocrx_word' id='word_1_22' title='bbox 1133 857 1216 918; x_wconf 89' lang='lat' dir='ltr'><strong>altos</strong></span> 
     </span>
     <span class='ocr_line' id='line_1_6' title="bbox 274 973 1026 1059; baseline -0.007 -18"><span class='ocrx_word' id='word_1_23' title='bbox 274 980 436 1041; x_wconf 86' lang='lat' dir='ltr'><strong>Defecisse</strong></span> <span class='ocrx_word' id='word_1_24' title='bbox 458 981 568 1040; x_wconf 80' lang='lat' dir='ltr'><strong>amnes</strong></span> <span class='ocrx_word' id='word_1_25' title='bbox 591 990 749 1059; x_wconf 79' lang='lat' dir='ltr'>epotaque</span> <span class='ocrx_word' id='word_1_26' title='bbox 769 977 907 1037; x_wconf 87' lang='lat' dir='ltr'><strong>flumina</strong></span> <span class='ocrx_word' id='word_1_27' title='bbox 928 973 1026 1038; x_wconf 89' lang='lat' dir='ltr'><strong>Medo</strong></span> 
     </span>
     <span class='ocr_line' id='line_1_7' title="bbox 185 1075 1172 1176; baseline 0.001 -18"><span class='ocrx_word' id='word_1_28' title='bbox 185 1149 188 1158; x_wconf 89' lang='grc'><strong>.</strong></span> <span class='ocrx_word' id='word_1_29' title='bbox 272 1099 455 1160; x_wconf 84' lang='lat' dir='ltr'>Prandente</span> <span class='ocrx_word' id='word_1_30' title='bbox 478 1111 510 1158; x_wconf 88' lang='lat' dir='ltr'><strong>et</strong></span> <span class='ocrx_word' id='word_1_31' title='bbox 531 1097 668 1158; x_wconf 86' lang='lat' dir='ltr'><strong>madidis</strong></span> <span class='ocrx_word' id='word_1_32' title='bbox 691 1109 798 1158; x_wconf 88' lang='lat' dir='ltr'><strong>cantat</strong></span> <span class='ocrx_word' id='word_1_33' title='bbox 821 1115 900 1176; x_wconf 88' lang='lat' dir='ltr'><strong>quae</strong></span> <span class='ocrx_word' id='word_1_34' title='bbox 922 1093 1082 1157; x_wconf 76' lang='lat' dir='ltr'><strong>Sostratus</strong></span> <span class='ocrx_word' id='word_1_35' title='bbox 1103 1075 1172 1160; x_wconf 83' lang='lat' dir='ltr'><strong>alis.</strong></span> 
     </span>
     <span class='ocr_line' id='line_1_8' title="bbox 221 1189 1057 1299; baseline -0.006 -17"><span class='ocrx_word' id='word_1_36' title='bbox 221 1215 240 1271; x_wconf 55' lang='lat' dir='ltr'><strong>b</strong></span> <span class='ocrx_word' id='word_1_37' title='bbox 272 1219 332 1282; x_wconf 93' lang='lat' dir='ltr'><strong>Ille</strong></span> <span class='ocrx_word' id='word_1_38' title='bbox 356 1231 483 1293; x_wconf 83' lang='lat' dir='ltr'><strong>tamen,</strong></span> <span class='ocrx_word' id='word_1_39' title='bbox 506 1189 606 1299; x_wconf 85' lang='lat' dir='ltr'><strong>qualis</strong></span> <span class='ocrx_word' id='word_1_40' title='bbox 627 1213 723 1278; x_wconf 86' lang='lat' dir='ltr'><strong>rediit</strong></span> <span class='ocrx_word' id='word_1_41' title='bbox 744 1215 907 1276; x_wconf 83' lang='lat' dir='ltr'><strong>Salamine</strong></span> <span class='ocrx_word' id='word_1_42' title='bbox 928 1217 1057 1292; x_wconf 87' lang='lat' dir='ltr'><strong>relicta,</strong></span> 
     </span>
     <span class='ocr_line' id='line_1_9' title="bbox 177 1337 1288 1420; baseline 0.002 -22"><span class='ocrx_word' id='word_1_43' title='bbox 177 1393 189 1412; x_wconf 64' lang='grc'><strong>,,</strong></span> <span class='ocrx_word' id='word_1_44' title='bbox 273 1337 312 1398; x_wconf 82' lang='lat' dir='ltr'><strong>In</strong></span> <span class='ocrx_word' id='word_1_45' title='bbox 335 1340 456 1400; x_wconf 87' lang='lat' dir='ltr'><strong>Corum</strong></span> <span class='ocrx_word' id='word_1_46' title='bbox 479 1351 574 1420; x_wconf 84' lang='lat' dir='ltr'><strong>atque</strong></span> <span class='ocrx_word' id='word_1_47' title='bbox 596 1337 720 1400; x_wconf 88' lang='lat' dir='ltr'><strong>Eurum</strong></span> <span class='ocrx_word' id='word_1_48' title='bbox 741 1337 852 1397; x_wconf 84' lang='lat' dir='ltr'><strong>solitus</strong></span> <span class='ocrx_word' id='word_1_49' title='bbox 871 1337 991 1397; x_wconf 85' lang='lat' dir='ltr'><strong>saevire</strong></span> <span class='ocrx_word' id='word_1_50' title='bbox 1012 1337 1150 1418; x_wconf 89' lang='lat' dir='ltr'><strong>flagellis</strong></span> <span class='ocrx_word' id='word_1_51' title='bbox 1238 1339 1288 1403; x_wconf 85' lang='grc'><strong>180</strong></span> 
     </span>
     <span class='ocr_line' id='line_1_10' title="bbox 217 1451 1321 1547; baseline -0.002 -27"><span class='ocrx_word' id='word_1_52' title='bbox 217 1488 222 1498; x_wconf 57' lang='lat'><em>1</em></span> <span class='ocrx_word' id='word_1_53' title='bbox 273 1458 335 1520; x_wconf 90' lang='lat' dir='ltr'><strong>Bar</strong></span> <span class='ocrx_word' id='word_1_54' title='bbox 359 1479 445 1534; x_wconf 89' lang='lat' dir='ltr'><strong>arus,</strong></span> <span class='ocrx_word' id='word_1_55' title='bbox 469 1460 582 1520; x_wconf 86' lang='lat' dir='ltr'><strong>Aeolio</strong></span> <span class='ocrx_word' id='word_1_56' title='bbox 603 1465 781 1547; x_wconf 85' lang='lat' dir='ltr'><strong>numquam</strong></span> <span class='ocrx_word' id='word_1_57' title='bbox 802 1451 896 1516; x_wconf 87' lang='lat' dir='ltr'><strong>boc</strong></span> <span class='ocrx_word' id='word_1_58' title='bbox 886 1475 922 1517; x_wconf 91' lang='lat' dir='ltr'><strong>m</strong></span> <span class='ocrx_word' id='word_1_59' title='bbox 944 1458 1072 1517; x_wconf 73' lang='grc'>11111111</span> <span class='ocrx_word' id='word_1_60' title='bbox 1093 1479 1217 1542; x_wconf 84' lang='lat' dir='ltr'><strong>passos,</strong></span> <span class='ocrx_word' id='word_1_61' title='bbox 1320 1473 1321 1510; x_wconf 70' lang='grc'><strong>1</strong></span> 
     </span>
     <span class='ocr_line' id='line_1_11' title="bbox 162 1562 1141 1661; baseline -0.002 -21"><span class='ocrx_word' id='word_1_62' title='bbox 162 1562 165 1568; x_wconf 49' lang='grc'>’</span> <span class='ocrx_word' id='word_1_63' title='bbox 272 1581 383 1661; x_wconf 91' lang='lat' dir='ltr'><strong>Ipsum</strong></span> <span class='ocrx_word' id='word_1_64' title='bbox 405 1579 613 1660; x_wconf 85' lang='lat' dir='ltr'><strong>&#39;compedibus</strong></span> <span class='ocrx_word' id='word_1_65' title='bbox 635 1579 690 1658; x_wconf 93' lang='lat' dir='ltr'><strong>qui</strong></span> <span class='ocrx_word' id='word_1_66' title='bbox 713 1578 857 1638; x_wconf 83' lang='lat' dir='ltr'><strong>vinxerat</strong></span> <span class='ocrx_word' id='word_1_67' title='bbox 879 1575 1141 1659; x_wconf 83' lang='lat' dir='ltr'><strong>Ennosigaeum?</strong></span> 
     </span>
     <span class='ocr_line' id='line_1_12' title="bbox 271 1695 1199 1802; baseline -0.004 -40"><span class='ocrx_word' id='word_1_68' title='bbox 271 1699 384 1762; x_wconf 89' lang='lat' dir='ltr'><strong>Mitius</strong></span> <span class='ocrx_word' id='word_1_69' title='bbox 407 1699 442 1761; x_wconf 92' lang='lat' dir='ltr'><strong>id</strong></span> <span class='ocrx_word' id='word_1_70' title='bbox 462 1715 553 1760; x_wconf 84' lang='lat' dir='ltr'><strong>sane:</strong></span> <span class='ocrx_word' id='word_1_71' title='bbox 576 1695 674 1779; x_wconf 90' lang='lat' dir='ltr'><strong>quid,</strong></span> <span class='ocrx_word' id='word_1_72' title='bbox 695 1715 764 1757; x_wconf 90' lang='lat' dir='ltr'><strong>non</strong></span> <span class='ocrx_word' id='word_1_73' title='bbox 786 1709 818 1757; x_wconf 87' lang='lat' dir='ltr'><strong>et</strong></span> <span class='ocrx_word' id='word_1_74' title='bbox 839 1697 987 1802; x_wconf 84' lang='lat' dir='ltr'><strong>stigmate</strong></span> <span class='ocrx_word' id='word_1_75' title='bbox 1010 1697 1147 1778; x_wconf 83' lang='lat' dir='ltr'><strong>digmmr</strong></span> <span class='ocrx_word' id='word_1_76' title='bbox 1197 1697 1199 1704; x_wconf 76' lang='grc'><strong>“</strong></span> 
     </span>
     <span class='ocr_line' id='line_1_13' title="bbox 273 1813 1181 1898; baseline -0.003 -17"><span class='ocrx_word' id='word_1_77' title='bbox 273 1815 440 1882; x_wconf 84' lang='lat' dir='ltr'><strong>Credidit?</strong></span> <span class='ocrx_word' id='word_1_78' title='bbox 462 1813 558 1878; x_wconf 90' lang='lat' dir='ltr'><strong>huic</strong></span> <span class='ocrx_word' id='word_1_79' title='bbox 563 1819 729 1898; x_wconf 75' lang='lat' dir='ltr'><strong>quisquam</strong></span> <span class='ocrx_word' id='word_1_80' title='bbox 751 1818 849 1878; x_wconf 90' lang='lat' dir='ltr'><strong>vellet</strong></span> <span class='ocrx_word' id='word_1_81' title='bbox 870 1817 989 1877; x_wconf 84' lang='lat' dir='ltr'><strong>servire</strong></span> <span class='ocrx_word' id='word_1_82' title='bbox 1011 1815 1181 1878; x_wconf 84' lang='lat' dir='ltr'><strong>Deorum?</strong></span> 
     </span>
     <span class='ocr_line' id='line_1_14' title="bbox 272 1913 1322 2018; baseline 0.006 -24"><span class='ocrx_word' id='word_1_83' title='bbox 272 1929 335 1995; x_wconf 77' lang='lat' dir='ltr'><strong>sed</strong></span> <span class='ocrx_word' id='word_1_84' title='bbox 358 1937 459 2018; x_wconf 88' lang='lat' dir='ltr'><strong>qualis</strong></span> <span class='ocrx_word' id='word_1_85' title='bbox 479 1936 598 1998; x_wconf 86' lang='lat' dir='ltr'><strong>rediit?</strong></span> <span class='ocrx_word' id='word_1_86' title='bbox 621 1937 767 2018; x_wconf 84' lang='lat' dir='ltr'><strong>Nempe</strong></span> <span class='ocrx_word' id='word_1_87' title='bbox 786 1955 853 1998; x_wconf 82' lang='lat' dir='ltr'><strong>una</strong></span> <span class='ocrx_word' id='word_1_88' title='bbox 875 1957 973 2011; x_wconf 87' lang='lat' dir='ltr'><strong>nave,</strong></span> <span class='ocrx_word' id='word_1_89' title='bbox 997 1913 1173 1999; x_wconf 83' lang='lat' dir='ltr'><strong>cruentis</strong></span> <span class='ocrx_word' id='word_1_90' title='bbox 1236 1935 1322 2003; x_wconf 83' lang='lat'><strong>185</strong></span> 
     </span>
     <span class='ocr_line' id='line_1_15' title="bbox 270 2055 1114 2139; baseline 0.004 -24"><span class='ocrx_word' id='word_1_91' title='bbox 270 2055 437 2117; x_wconf 78' lang='lat' dir='ltr'><strong>Fluctibus</strong></span> <span class='ocrx_word' id='word_1_92' title='bbox 460 2072 498 2118; x_wconf 84' lang='lat' dir='ltr'><strong>ac</strong></span> <span class='ocrx_word' id='word_1_93' title='bbox 518 2057 611 2120; x_wconf 88' lang='lat' dir='ltr'><strong>tarda</strong></span> <span class='ocrx_word' id='word_1_94' title='bbox 631 2077 690 2139; x_wconf 88' lang='lat' dir='ltr'><strong>per</strong></span> <span class='ocrx_word' id='word_1_95' title='bbox 712 2057 810 2118; x_wconf 89' lang='lat' dir='ltr'><strong>densa</strong></span> <span class='ocrx_word' id='word_1_96' title='bbox 833 2057 987 2118; x_wconf 86' lang='lat' dir='ltr'><strong>cadavera</strong></span> <span class='ocrx_word' id='word_1_97' title='bbox 1009 2075 1114 2138; x_wconf 86' lang='lat' dir='ltr'><strong>prora</strong></span> 
     </span>
     <span class='ocr_line' id='line_1_16' title="bbox 272 2171 991 2258; baseline -0.003 -21"><span class='ocrx_word' id='word_1_98' title='bbox 272 2175 339 2238; x_wconf 87' lang='lat' dir='ltr'><strong>Has</strong></span> <span class='ocrx_word' id='word_1_99' title='bbox 359 2171 588 2258; x_wconf 71' lang='lat' dir='ltr'><strong>toties&#39;optata</strong></span> <span class='ocrx_word' id='word_1_100' title='bbox 610 2177 715 2258; x_wconf 81' lang='lat' dir='ltr'><strong>exegit</strong></span> <span class='ocrx_word' id='word_1_101' title='bbox 737 2176 839 2257; x_wconf 85' lang='lat' dir='ltr'><strong>gloria</strong></span> <span class='ocrx_word' id='word_1_102' title='bbox 862 2193 991 2256; x_wconf 84' lang='lat' dir='ltr'><strong>poenas.</strong></span> 
     </span>
     <span class='ocr_line' id='line_1_17' title="bbox 311 2270 1178 2396; baseline 0.001 -40"><span class='ocrx_word' id='word_1_103' title='bbox 311 2291 389 2358; x_wconf 83' lang='lat' dir='ltr'><strong>lDa</strong></span> <span class='ocrx_word' id='word_1_104' title='bbox 408 2270 549 2396; x_wconf 84' lang='lat' dir='ltr'><strong>spatium</strong></span> <span class='ocrx_word' id='word_1_105' title='bbox 570 2297 671 2370; x_wconf 87' lang='lat' dir='ltr'><strong>vitae,</strong></span> <span class='ocrx_word' id='word_1_106' title='bbox 693 2297 815 2356; x_wconf 89' lang='lat' dir='ltr'><strong>multos</strong></span> <span class='ocrx_word' id='word_1_107' title='bbox 837 2289 878 2356; x_wconf 86' lang='lat' dir='ltr'><strong>da</strong></span> <span class='ocrx_word' id='word_1_108' title='bbox 899 2295 1045 2377; x_wconf 87' lang='lat' dir='ltr'><strong>Iuppiter</strong></span> <span class='ocrx_word' id='word_1_109' title='bbox 1065 2314 1178 2357; x_wconf 86' lang='lat' dir='ltr'><strong>annos.</strong></span> 
     </span>
     <span class='ocr_line' id='line_1_18' title="bbox 73 2401 1137 2514; baseline -0.005 -34"><span class='ocrx_word' id='word_1_110' title='bbox 73 2483 80 2508; x_wconf 77' lang='lat'><em>,</em></span> <span class='ocrx_word' id='word_1_111' title='bbox 165 2460 167 2464; x_wconf 91' lang='lat'><em>-</em></span> <span class='ocrx_word' id='word_1_112' title='bbox 240 2463 242 2470; x_wconf 69' lang='lat'><em>,</em></span> <span class='ocrx_word' id='word_1_113' title='bbox 271 2417 344 2480; x_wconf 90' lang='lat' dir='ltr'><strong>Hoc</strong></span> <span class='ocrx_word' id='word_1_114' title='bbox 365 2429 454 2478; x_wconf 89' lang='lat' dir='ltr'><strong>recto</strong></span> <span class='ocrx_word' id='word_1_115' title='bbox 475 2415 570 2476; x_wconf 90' lang='lat' dir='ltr'><strong>vultu</strong></span> <span class='ocrx_word' id='word_1_116' title='bbox 590 2417 714 2514; x_wconf 81' lang='lat' dir='ltr'><strong>solum,</strong></span> <span class='ocrx_word' id='word_1_117' title='bbox 718 2409 801 2484; x_wconf 74' lang='lat' dir='ltr'><strong>hoc,</strong></span> <span class='ocrx_word' id='word_1_118' title='bbox 822 2429 855 2475; x_wconf 83' lang='lat' dir='ltr'><strong>et</strong></span> <span class='ocrx_word' id='word_1_119' title='bbox 876 2401 1015 2498; x_wconf 77' lang='lat' dir='ltr'><strong>pallidus</strong></span> <span class='ocrx_word' id='word_1_120' title='bbox 1037 2429 1137 2496; x_wconf 85' lang='lat' dir='ltr'><strong>optas.</strong></span> 
     </span>
     <span class='ocr_line' id='line_1_19' title="bbox 269 2503 1286 2640; baseline 0.004 -45"><span class='ocrx_word' id='word_1_121' title='bbox 269 2526 336 2596; x_wconf 72' lang='lat' dir='ltr'><strong>sect</strong></span> <span class='ocrx_word' id='word_1_122' title='bbox 358 2550 455 2616; x_wconf 85' lang='lat' dir='ltr'><strong>quam</strong></span> <span class='ocrx_word' id='word_1_123' title='bbox 478 2507 639 2596; x_wconf 83' lang='lat' dir='ltr'><strong>continuis</strong></span> <span class='ocrx_word' id='word_1_124' title='bbox 663 2503 695 2594; x_wconf 80' lang='lat' dir='ltr'><strong>et</strong></span> <span class='ocrx_word' id='word_1_125' title='bbox 717 2535 842 2640; x_wconf 81' lang='lat' dir='ltr'><strong>quantis</strong></span> <span class='ocrx_word' id='word_1_126' title='bbox 863 2533 960 2615; x_wconf 85' lang='lat' dir='ltr'><strong>longa</strong></span> <span class='ocrx_word' id='word_1_127' title='bbox 982 2540 1129 2595; x_wconf 80' lang='lat' dir='ltr'><strong>senectus</strong></span> <span class='ocrx_word' id='word_1_128' title='bbox 1236 2541 1286 2599; x_wconf 82' lang='grc'><strong>190</strong></span> 
     </span>
     <span class='ocr_line' id='line_1_20' title="bbox 270 2630 1286 2718; baseline -0.002 -1"><span class='ocrx_word' id='word_1_129' title='bbox 270 2656 373 2718; x_wconf 89' lang='lat' dir='ltr'><strong>Plena</strong></span> <span class='ocrx_word' id='word_1_130' title='bbox 393 2655 507 2716; x_wconf 85' lang='lat' dir='ltr'><strong>malls?</strong></span> <span class='ocrx_word' id='word_1_131' title='bbox 530 2645 722 2714; x_wconf 76' lang='lat' dir='ltr'><strong>Deformem</strong></span> <span class='ocrx_word' id='word_1_132' title='bbox 743 2667 776 2714; x_wconf 92' lang='lat' dir='ltr'><strong>et</strong></span> <span class='ocrx_word' id='word_1_133' title='bbox 796 2667 918 2714; x_wconf 86' lang='lat' dir='ltr'><strong>tetrum</strong></span> <span class='ocrx_word' id='word_1_134' title='bbox 941 2630 1014 2713; x_wconf 72' lang='lat' dir='ltr'><strong>ante</strong></span> <span class='ocrx_word' id='word_1_135' title='bbox 1037 2651 1147 2716; x_wconf 80' lang='lat' dir='ltr'><strong>omnia</strong></span> <span class='ocrx_word' id='word_1_136' title='bbox 1171 2655 1238 2717; x_wconf 87' lang='lat' dir='ltr'><strong>vult</strong></span> <span class='ocrx_word' id='word_1_137' title='bbox 1227 2671 1286 2716; x_wconf 88' lang='lat' dir='ltr'><strong>tum</strong></span> 
     </span>
     <span class='ocr_line' id='line_1_21' title="bbox 271 2753 1153 2854; baseline -0.001 -18"><span class='ocrx_word' id='word_1_138' title='bbox 271 2773 532 2854; x_wconf 85' lang='lat' dir='ltr'><strong>Dissimilemque</strong></span> <span class='ocrx_word' id='word_1_139' title='bbox 553 2775 621 2845; x_wconf 87' lang='lat' dir='ltr'><strong>sui,</strong></span> <span class='ocrx_word' id='word_1_140' title='bbox 644 2773 823 2833; x_wconf 82' lang='lat' dir='ltr'><strong>deformem</strong></span> <span class='ocrx_word' id='word_1_141' title='bbox 844 2793 903 2854; x_wconf 88' lang='lat' dir='ltr'><strong>pro</strong></span> <span class='ocrx_word' id='word_1_142' title='bbox 927 2784 999 2832; x_wconf 88' lang='lat' dir='ltr'><strong>cute</strong></span> <span class='ocrx_word' id='word_1_143' title='bbox 1020 2753 1153 2853; x_wconf 86' lang='lat' dir='ltr'><strong>pellem</strong></span> 
     </span>
     <span class='ocr_line' id='line_1_22' title="bbox 271 2891 1049 2975; baseline 0 -21"><span class='ocrx_word' id='word_1_144' title='bbox 271 2894 513 2975; x_wconf 80' lang='lat' dir='ltr'><strong>Pendentesque</strong></span> <span class='ocrx_word' id='word_1_145' title='bbox 535 2913 630 2975; x_wconf 84' lang='lat' dir='ltr'><strong>genas</strong></span> <span class='ocrx_word' id='word_1_146' title='bbox 653 2905 685 2953; x_wconf 87' lang='lat' dir='ltr'><strong>et</strong></span> <span class='ocrx_word' id='word_1_147' title='bbox 706 2893 786 2954; x_wconf 85' lang='lat' dir='ltr'><strong>tales</strong></span> <span class='ocrx_word' id='word_1_148' title='bbox 807 2891 934 2974; x_wconf 87' lang='lat' dir='ltr'><strong>adspice</strong></span> <span class='ocrx_word' id='word_1_149' title='bbox 955 2910 1049 2973; x_wconf 85' lang='lat' dir='ltr'><strong>rugas</strong></span> 
     </span>
     <span class='ocr_line' id='line_1_23' title="bbox 272 2993 1161 3099; baseline 0.002 -25"><span class='ocrx_word' id='word_1_150' title='bbox 272 3013 390 3096; x_wconf 83' lang='lat' dir='ltr'><strong>Quales</strong></span> <span class='ocrx_word' id='word_1_151' title='bbox 398 3059 410 3089; x_wconf 88' lang='lat'><strong>‚.</strong></span> <span class='ocrx_word' id='word_1_152' title='bbox 429 3012 621 3099; x_wconf 70' lang='lat' dir='ltr'><strong>umbriferos</strong></span> <span class='ocrx_word' id='word_1_153' title='bbox 642 3013 700 3075; x_wconf 90' lang='lat' dir='ltr'><strong>ubi</strong></span> <span class='ocrx_word' id='word_1_154' title='bbox 721 3009 835 3094; x_wconf 87' lang='lat' dir='ltr'><strong>pandit</strong></span> <span class='ocrx_word' id='word_1_155' title='bbox 856 3011 1001 3074; x_wconf 87' lang='lat' dir='ltr'><strong>Tabraca</strong></span> <span class='ocrx_word' id='word_1_156' title='bbox 1023 2993 1119 3076; x_wconf 85' lang='lat' dir='ltr'><strong>saltus</strong></span> <span class='ocrx_word' id='word_1_157' title='bbox 1156 3035 1161 3046; x_wconf 73' lang='lat'><strong><em>¹</em></strong></span> 
     </span>
     <span class='ocr_line' id='line_1_24' title="bbox 268 3121 1323 3216; baseline 0 -23"><span class='ocrx_word' id='word_1_158' title='bbox 268 3121 311 3193; x_wconf 82' lang='lat' dir='ltr'><strong>ln</strong></span> <span class='ocrx_word' id='word_1_159' title='bbox 332 3133 441 3194; x_wconf 89' lang='lat' dir='ltr'><strong>vetula</strong></span> <span class='ocrx_word' id='word_1_160' title='bbox 461 3125 576 3216; x_wconf 84' lang='lat' dir='ltr'><strong>scalpit</strong></span> <span class='ocrx_word' id='word_1_161' title='bbox 596 3135 664 3196; x_wconf 86' lang='lat' dir='ltr'><strong>iam</strong></span> <span class='ocrx_word' id='word_1_162' title='bbox 685 3147 789 3195; x_wconf 86' lang='lat' dir='ltr'><strong>mater</strong></span> <span class='ocrx_word' id='word_1_163' title='bbox 802 3134 896 3194; x_wconf 90' lang='lat' dir='ltr'><strong>simia</strong></span> <span class='ocrx_word' id='word_1_164' title='bbox 910 3133 1023 3194; x_wconf 87' lang='lat' dir='ltr'><strong>bucca.</strong></span> <span class='ocrx_word' id='word_1_165' title='bbox 1232 3131 1285 3202; x_wconf 81' lang='grc'><strong>195</strong></span> <span class='ocrx_word' id='word_1_166' title='bbox 1322 3149 1323 3170; x_wconf 76' lang='lat'><em>³</em></span> 
     </span>
     <span class='ocr_line' id='line_1_25' title="bbox 269 3221 1323 3335; baseline 0.003 -21"><span class='ocrx_word' id='word_1_167' title='bbox 269 3251 417 3316; x_wconf 75' lang='lat' dir='ltr'><strong>Plurima·</strong></span> <span class='ocrx_word' id='word_1_168' title='bbox 436 3221 512 3314; x_wconf 75' lang='lat' dir='ltr'><strong>suut</strong></span> <span class='ocrx_word' id='word_1_169' title='bbox 531 3255 688 3315; x_wconf 84' lang='lat' dir='ltr'><strong>iuvenum</strong></span> <span class='ocrx_word' id='word_1_170' title='bbox 706 3255 909 3316; x_wconf 80' lang='lat' dir='ltr'><strong>discrimina:</strong></span> <span class='ocrx_word' id='word_1_171' title='bbox 929 3253 1071 3335; x_wconf 82' lang='lat' dir='ltr'><strong>pulcrior</strong></span> <span class='ocrx_word' id='word_1_172' title='bbox 1084 3256 1142 3316; x_wconf 91' lang='lat' dir='ltr'><strong>ille</strong></span> <span class='ocrx_word' id='word_1_173' title='bbox 1322 3227 1323 3234; x_wconf 18' lang='lat'>¹</span> 
     </span>
     <span class='ocr_line' id='line_1_26' title="bbox 271 3363 1173 3454; baseline 0.007 -22"><span class='ocrx_word' id='word_1_174' title='bbox 271 3371 360 3446; x_wconf 86' lang='lat' dir='ltr'><strong>Hoc,</strong></span> <span class='ocrx_word' id='word_1_175' title='bbox 376 3367 477 3454; x_wconf 86' lang='lat' dir='ltr'><strong>&#39;atque</strong></span> <span class='ocrx_word' id='word_1_176' title='bbox 498 3373 556 3434; x_wconf 88' lang='lat' dir='ltr'><strong>ille</strong></span> <span class='ocrx_word' id='word_1_177' title='bbox 580 3376 657 3436; x_wconf 88' lang='lat' dir='ltr'><strong>alio:</strong></span> <span class='ocrx_word' id='word_1_178' title='bbox 681 3375 823 3436; x_wconf 87' lang='lat' dir='ltr'><strong>multum</strong></span> <span class='ocrx_word' id='word_1_179' title='bbox 845 3373 899 3434; x_wconf 86' lang='lat' dir='ltr'><strong>hic</strong></span> <span class='ocrx_word' id='word_1_180' title='bbox 920 3363 1085 3434; x_wconf 80' lang='lat' dir='ltr'><strong>robustior</strong></span> <span class='ocrx_word' id='word_1_181' title='bbox 1103 3370 1173 3439; x_wconf 86' lang='lat' dir='ltr'><strong>illo.</strong></span> 
     </span>
     <span class='ocr_line' id='line_1_27' title="bbox 270 3467 1178 3569; baseline 0.004 -16"><span class='ocrx_word' id='word_1_182' title='bbox 270 3493 345 3553; x_wconf 88' lang='lat' dir='ltr'><strong>Una</strong></span> <span class='ocrx_word' id='word_1_183' title='bbox 365 3511 481 3556; x_wconf 83' lang='lat' dir='ltr'><strong>senum</strong></span> <span class='ocrx_word' id='word_1_184' title='bbox 501 3495 615 3569; x_wconf 79' lang='lat' dir='ltr'><strong>facies,</strong></span> <span class='ocrx_word' id='word_1_185' title='bbox 638 3515 712 3560; x_wconf 90' lang='lat' dir='ltr'><strong>cum</strong></span> <span class='ocrx_word' id='word_1_186' title='bbox 736 3511 813 3554; x_wconf 87' lang='lat' dir='ltr'><strong>voce</strong></span> <span class='ocrx_word' id='word_1_187' title='bbox 834 3467 1016 3553; x_wconf 82' lang='lat' dir='ltr'><strong>trementia</strong></span> <span class='ocrx_word' id='word_1_188' title='bbox 1028 3495 1178 3561; x_wconf 83' lang='lat' dir='ltr'><strong>membra</strong></span> 
     </span>
     <span class='ocr_line' id='line_1_28' title="bbox 271 3585 1089 3697; baseline 0 -20"><span class='ocrx_word' id='word_1_189' title='bbox 271 3613 313 3677; x_wconf 91' lang='lat' dir='ltr'><strong>Et</strong></span> <span class='ocrx_word' id='word_1_190' title='bbox 333 3613 401 3676; x_wconf 91' lang='lat' dir='ltr'><strong>iam</strong></span> <span class='ocrx_word' id='word_1_191' title='bbox 421 3613 512 3675; x_wconf 87' lang='lat' dir='ltr'><strong>laeve</strong></span> <span class='ocrx_word' id='word_1_192' title='bbox 528 3585 631 3697; x_wconf 79' lang='lat' dir='ltr'><strong>¹caput</strong></span> <span class='ocrx_word' id='word_1_193' title='bbox 648 3615 832 3696; x_wconf 80' lang='lat' dir='ltr'><strong>madidique</strong></span> <span class='ocrx_word' id='word_1_194' title='bbox 854 3611 990 3688; x_wconf 77' lang='lat' dir='ltr'><strong>infantia</strong></span> <span class='ocrx_word' id='word_1_195' title='bbox 1011 3615 1089 3678; x_wconf 87' lang='lat' dir='ltr'><strong>nasi.</strong></span> 
     </span>
     <span class='ocr_line' id='line_1_29' title="bbox 271 3729 1285 3817; baseline -0.001 -26"><span class='ocrx_word' id='word_1_196' title='bbox 271 3729 478 3814; x_wconf 66' lang='lat' dir='ltr'><strong>Frangendus</strong></span> <span class='ocrx_word' id='word_1_197' title='bbox 499 3735 616 3798; x_wconf 85' lang='lat' dir='ltr'><strong>misero</strong></span> <span class='ocrx_word' id='word_1_198' title='bbox 639 3735 767 3817; x_wconf 86' lang='lat' dir='ltr'><strong>gingiva</strong></span> <span class='ocrx_word' id='word_1_199' title='bbox 782 3733 872 3814; x_wconf 79' lang='lat' dir='ltr'><strong>panis</strong></span> <span class='ocrx_word' id='word_1_200' title='bbox 893 3733 1027 3793; x_wconf 85' lang='lat' dir='ltr'><strong>inermi:</strong></span> <span class='ocrx_word' id='word_1_201' title='bbox 1229 3741 1285 3802; x_wconf 78' lang='lat'><strong>200</strong></span> 
     </span>
     <span class='ocr_line' id='line_1_30' title="bbox 255 3827 1046 3938; baseline 0 -26"><span class='ocrx_word' id='word_1_202' title='bbox 255 3853 380 3934; x_wconf 58' lang='lat' dir='ltr'><strong>vUsque</strong></span> <span class='ocrx_word' id='word_1_203' title='bbox 402 3855 481 3916; x_wconf 85' lang='lat' dir='ltr'><strong>adeo</strong></span> <span class='ocrx_word' id='word_1_204' title='bbox 503 3827 606 3938; x_wconf 82' lang='lat' dir='ltr'><strong>gravis</strong></span> <span class='ocrx_word' id='word_1_205' title='bbox 628 3856 721 3916; x_wconf 78' lang='lat' dir='ltr'><strong>uxori</strong></span> <span class='ocrx_word' id='word_1_206' title='bbox 742 3853 887 3932; x_wconf 81' lang='lat' dir='ltr'><strong>natisque</strong></span> <span class='ocrx_word' id='word_1_207' title='bbox 908 3852 1046 3934; x_wconf 87' lang='lat' dir='ltr'><strong>sibique,</strong></span> 
     </span>
     <span class='ocr_line' id='line_1_31' title="bbox 275 3944 922 4056; baseline 0 -22"><span class='ocrx_word' id='word_1_208' title='bbox 275 3973 318 4034; x_wconf 91' lang='lat' dir='ltr'><strong>Ut</strong></span> <span class='ocrx_word' id='word_1_209' title='bbox 340 3977 496 4056; x_wconf 85' lang='lat' dir='ltr'><strong>captatori</strong></span> <span class='ocrx_word' id='word_1_210' title='bbox 517 3989 648 4038; x_wconf 88' lang='lat' dir='ltr'><strong>moveat</strong></span> <span class='ocrx_word' id='word_1_211' title='bbox 668 3971 795 4036; x_wconf 85' lang='lat' dir='ltr'><strong>fastidia</strong></span> <span class='ocrx_word' id='word_1_212' title='bbox 818 3944 922 4034; x_wconf 83' lang='lat' dir='ltr'><strong>Cosso.</strong></span> 
     </span>
     <span class='ocr_line' id='line_1_32' title="bbox 272 4063 1222 4180; baseline -0.005 -22"><span class='ocrx_word' id='word_1_213' title='bbox 272 4094 347 4160; x_wconf 86' lang='lat' dir='ltr'><strong>Non</strong></span> <span class='ocrx_word' id='word_1_214' title='bbox 368 4095 483 4160; x_wconf 83' lang='lat' dir='ltr'><strong>eadem</strong></span> <span class='ocrx_word' id='word_1_215' title='bbox 502 4097 573 4164; x_wconf 75' lang='lat' dir='ltr'><strong>uni</strong></span> <span class='ocrx_word' id='word_1_216' title='bbox 596 4107 691 4178; x_wconf 82' lang='lat' dir='ltr'><strong>atque</strong></span> <span class='ocrx_word' id='word_1_217' title='bbox 714 4092 795 4169; x_wconf 85' lang='lat' dir='ltr'><strong>cibi,</strong></span> <span class='ocrx_word' id='word_1_218' title='bbox 816 4103 964 4180; x_wconf 85' lang='lat' dir='ltr'><strong>torpente</strong></span> <span class='ocrx_word' id='word_1_219' title='bbox 986 4063 1112 4177; x_wconf 75' lang='lat' dir='ltr'><strong>palato,</strong></span> <span class='ocrx_word' id='word_1_220' title='bbox 1210 4125 1222 4138; x_wconf 86' lang='lat'><strong>·</strong></span> 
     </span>
    </p>
   </div>
   <div class='ocr_carea' id='block_1_4' title="bbox 0 0 1328 4858">
    <p class='ocr_par' dir='ltr' id='par_1_4' title="bbox 0 0 1328 4858">
     <span class='ocr_line' id='line_1_33' title="bbox 0 0 1328 4858; baseline 0 0"><span class='ocrx_word' id='word_1_221' title='bbox 0 0 1328 4858; x_wconf 95' lang='lat' dir='ltr'><strong> </strong></span> 
     </span>
    </p>
   </div>
  </div>
 </body>
</html>
