2706 4860
317 419 643 490 '''SAT1nt
685 429 725 492 V.

63 595 203 678 Frigidior
216 595 339 660 Geticis
359 603 480 682 petitur
503 597 636 668 decocta
650 602 783 683 prriru.

62 717 123 776 Non
141 717 251 778 eadem
274 718 361 780 vobis
380 724 458 802 poni
474 721 572 782 modo
594 721 669 782 vina
687 722 873 811 querebare!

62 836 227 898 toeniam
249 837 366 920 potatir
386 859 511 924 aquam.
555 839 633 903 Tibi
652 842 769 923 pocula
791 861 901 904 erutor

62 953 201 1018 Gaetulus
215 957 314 1034 dabit,
341 971 397 1022 aut
418 957 504 1041 nigri
520 979 634 1022 manus
654 981 745 1026 ossea
761 963 872 1028 Mauri

59 1075 91 1138 Et
110 1080 160 1138 cui
178 1098 237 1159 per
259 1080 405 1140 mediam
425 1081 508 1142 nolit
529 1099 696 1158 occuruere
713 1083 860 1157 noctem,
922 1085 925 1092 ’
971 1123 974 1134 .

57 1198 189 1260 Clivorae
212 1199 339 1260 veheris
358 1199 436 1260 dum
459 1219 516 1281 per
541 1216 753 1263 monumenta
770 1201 914 1266 Latinae.
1023 1201 1066 1268 65

56 1316 116 1378 llos
129 1318 222 1380 Asiae
242 1333 317 1380 ante
336 1321 442 1402 ipsum
460 1323 563 1401 pretio
582 1323 703 1384 maiore
723 1335 868 1404 paranti,

57 1438 153 1518 Quam
168 1439 233 1501 fuit
252 1453 285 1499 et
305 1439 395 1501 Tulli
418 1461 528 1502 centur
546 1441 752 1524 pugnacir,et
772 1442 855 1502 Anci

58 1559 100 1636 Et,
120 1577 165 1620 ne
183 1572 219 1620 te
233 1573 378 1635 teneam,
400 1559 633 1623 Romanorum'
648 1563 758 1622 omnia
778 1579 892 1643 regunt

55 1680 180 1741 Frivola.
224 1679 321 1759 Quod
343 1699 443 1761 quum
464 1683 511 1742 ita
523 1681 573 1755 tit,
595 1694 632 1740 tu
647 1679 825 1742 Gaetulum
841 1681 1066 1764 Ganymedem

52 1799 189 1881 Respice,
213 1819 314 1880 quum
334 1801 429 1862 sitiet.
473 1783 583 1860 Nescit
601 1813 651 1860 tot
672 1802 817 1862 millibus
839 1813 942 1862 emtus
1022 1803 1066 1865 60

50 1919 239 2001 Pauperibus
260 1921 395 1982 miscere
417 1939 513 2001 puer:
534 1919 589 1980 sed
610 1919 731 1998 forma,
753 1922 809 1983 red
828 1934 913 1982 aetat

50 2040 148 2123 Digne
176 2040 358 2120 supercilio.
406 2039 543 2120 Quando
574 2041 615 2102 ad
637 2055 670 2103 te
691 2041 839 2122 pervenit
859 2041 956 2102 illel.
1084 2023 1086 2030 '

29 2097 335 2248 iQuaudo'vocatus
357 2141 447 2219 adest
469 2159 591 2220 calidae
613 2159 801 2242 gelidaeque
822 2161 988 2222 minister?
1030 2237 1034 2252 Ι
1062 2163 1065 2171 “

29 2265 31 2370 l
51 2283 169 2364 Quippe
191 2279 380 2360 indignatur
401 2283 503 2340 veteri
523 2299 635 2360 parere
657 2280 784 2354 clienti,
836 2310 840 2317 -

28 2378 30 2410 '
50 2387 203 2484 Quodque
218 2399 341 2480 aliquid
353 2417 462 2479 porcas
484 2413 516 2459 et
538 2399 626 2480 quod
639 2417 673 2459 ee
686 2412 791 2460 etante
802 2397 981 2460 recumbas.
1024 2395 1068 2466 66

50 2523 188 2586 Maxima
211 2539 355 2603 quaeque
378 2519 492 2580 domus
513 2522 608 2582 servis
631 2533 678 2580 est
698 2519 796 2601 plena
816 2519 980 2600 snperbia(

48 2644 118 2705 Ecce
144 2643 229 2704 alius
252 2653 371 2722 quanto
392 2642 533 2720 porrexit
554 2659 723 2700 murmure
743 2657 864 2721 panem
954 2643 957 2652 '

48 2765 97 2826 Vix
116 2765 283 2834 fractum,
305 2759 426 2820 solidae
444 2761 511 2821 iam
532 2760 663 2822 mucida
684 2761 785 2822 frusta
805 2760 945 2834 farinae,
995 2809 1003 2822 .

28 2884 127 2968 ¹Quae
155 2883 336 2966 genuinum
358 2883 480 2962 agitent
500 2899 568 2940 non
590 2879 796 2941 admittentia
817 2897 970 2942 morsum.
1006 2947 1010 2956 ἡ
1063 2881 1066 2886 “

46 3003 95 3068 Sed
115 3020 219 3066 tener
240 3015 273 3063 et
294 3003 406 3064 niveus
428 2999 584 3080 mollique
606 2999 732 3080 siligine
755 2999 857 3060 iactat
1025 3001 1070 3064 70

49 3125 195 3190 Servatur
218 3124 360 3186 domino.
402 3120 560 3182 Dextram
583 3117 733 3180 cohibere
755 3131 931 3180 memento.
997 3139 1000 3142 ·

48 3245 128 3310 Salva
149 3247 199 3308 sit
221 3245 366 3324 artocopi
385 3241 581 3305 reuerentia:
603 3235 690 3319 finge
711 3252 823 3298 tamen
844 3251 877 3298 te
991 3251 994 3256 '

46 3365 285 3450 Improbulum,
307 3375 449 3444 superest
469 3360 554 3434 illic,
585 3361 639 3440 qui
661 3377 782 3440 ponere
804 3373 914 3442 cogat,

46 3485 88 3549 ns
108 3503 152 3548 tu
177 3486 338 3545 consuetis
359 3483 463 3546 audax
487 3481 621 3541 conviva
643 3481 787 3540 canistris
882 3481 907 3536 .'

45 3605 186 3690 impleri,
210 3603 365 3685 panisque
386 3605 435 3664 tui
453 3603 577 3662 noviore
600 3601 762 3662 colorem?
1025 3582 1070 3661 ‘id

44 3723 174 3788 Scilicet
197 3723 261 3786 hoc
284 3719 403 3796 fuerat,
426 3713 557 3803 propter
580 3721 681 3802 quod,
711 3737 804 3808 caepe
826 3718 941 3778 relicta

45 3843 210 3926 Coniuge,
232 3863 290 3924 per
311 3854 457 3902 montem
478 3841 648 3912 adversum
669 3838 851 3920 gelidasque
876 3839 1003 3929 cucupri

45 3961 217 4045 Esquilias,
240 3963 393 4024 fremeret
414 3981 507 4022 saeva
529 3979 630 4042 quum
651 3959 808 4040 grandine
829 3977 946 4018 vernus

46 4079 191 4166 luppiter
214 4083 370 4144 et'multo
393 4081 527 4142 stillaret
546 4079 688 4162 paenula
708 4077 832 4139 niinbo.
911 4097 912 4104 ¹
978 4071 1008 4082 ”
