2706 4860
399 405 659 490 'stratui
707 431 745 495 v,

67 601 231 673 Dicturus,
260 613 415 681 tanquam
437 615 470 662 et
491 591 621 664 diversis
642 589 785 682 partibus
806 591 890 668 o'ibit
979 607 981 614 '
1039 595 1042 602 ’

67 723 164 782 Anxia
185 721 358 802 praecipiti
376 723 511 786 venisset
533 718 667 804 epistola
686 725 797 804 pinna.

126 843 232 920 Atque
246 843 374 902 utinam
386 841 436 902 his
448 843 553 922 potius
567 843 659 924 nugis
670 855 739 904 tota
753 844 810 904 illa
831 843 967 906 dedisset
1026 839 1096 910 1502

67 963 224 1044 Tempora
246 961 415 1034 saevitiae,
439 962 538 1022 claras
560 963 674 1043 quibus
694 963 825 1024 abstulit
844 963 918 1024 urbi

66 1081 267 1162 illustresque
287 1082 412 1142 animas
426 1083 559 1163 impune
573 1095 606 1142 et
626 1083 752 1144 tintlice
768 1083 874 1144 nullot
907 1061 915 1078 ’

66 1201 123 1261 Sod
137 1205 252 1284 periit,
278 1211 449 1282 postquam
471 1201 662 1262 cerdonibul
685 1223 751 1262 esse
770 1204 932 1266 timendus
1002 1222 1004 1231 ’
1030 1245 1032 1255 .

68 1319 237 1404 Coeperat:
260 1321 324 1384 hoc
346 1323 457 1401 nocuit
475 1322 664 1384 Lamiarum
687 1323 784 1388 caede
802 1323 954 1384 medanti.

473 1517 677 1535 m

374 1687 685 1763 SATIRA
736 1685 780 1763 V.

125 1853 161 1920 Si
178 1873 213 1919 te
233 1847 389 1940 propositi
409 1847 556 1927 nondtun
572 1849 672 1944 pudet
687 1874 782 1942 atque
797 1859 910 1920 eadem
924 1844 970 1919 est
986 1877 1086 1935 mons,

68 1977 107 2039 Ut
126 1980 213 2040 bona
235 1991 362 2040 summa
382 1994 489 2062 putes,
519 1983 625 2043 aliena
648 1981 755 2043 vivere
775 1975 910 2062 quadra:
930 2048 932 2053 .
954 2055 958 2064 ¹

66 2099 95 2160 Si
108 2114 200 2181 potes
221 2100 281 2160 illa
302 2091 386 2182 pati,
414 2121 494 2182 quae
517 2123 578 2162 nec
597 2101 784 2163 Sarmentus
808 2103 933 2182 iniquas

70 2219 208 2281 Caesaris
225 2221 266 2280 ad
286 2241 419 2296 mensas,
438 2243 498 2282 nec
520 2223 591 2284 vilis
607 2219 713 2284 Galba
731 2223 869 2282 tulisset:

68 2339 220 2420 Quamvis
241 2341 346 2402 iurato
365 2355 510 2402 metuam
532 2343 593 2404 tibi
612 2341 739 2402 credere
757 2333 840 2402 testi.

67 2460 185 2521 Ventre
207 2459 293 2522 nihil
308 2465 384 2524 novi
404 2460 575 2546 frugalius:
597 2457 660 2524 hoc
678 2466 791 2522 'tamen
808 2463 914 2542 ipsum

67 2578 227 2642 Deiecisse
248 2594 342 2661 puta,
365 2577 450 2664 quod
471 2585 563 2644 inerti
583 2581 703 2644 sufficit
720 2583 804 2644 alvo.

69 2701 164 2762 Nulla
185 2701 316 2782 crepido
335 2703 445 2764 vacat?
466 2721 626 2786 nusquam
644 2720 723 2785 pons
742 2713 774 2762 et
795 2701 909 2784 tegetis
929 2715 1001 2782 pars

69 2819 212 2882 Dimidia
222 2809 378 2884 brevior?
421 2823 561 2886 Tautine
582 2823 701 2886 iniuria
722 2835 856 2895 coenae,

70 2941 149 3006 Tam
166 2939 278 3004 ieiuna
304 2941 419 3018 fames,
442 2963 531 3024 quun
550 2945 649 3025 possit
667 2943 829 3002 honestius
849 2937 918 3002 illic
989 3007 992 3014 ¹
1050 2937 1092 3002 10

69 3062 106 3122 Et
124 3077 266 3125 tremere
288 3077 320 3123 et
337 3061 442 3125 sordes
463 3065 555 3126 farris
573 3063 721 3124 mordere
743 3059 872 3120 canini?

69 3180 174 3243 Primo
203 3178 268 3264 sige
291 3183 379 3259 loco,
408 3184 494 3266 quod
520 3191 558 3262 tu
585 3177 784 3242 discumbere
808 3175 908 3240 iussus
950 3227 966 3260 ‚y

73 3301 257 3364 Mercedem
275 3303 412 3364 solidam
430 3315 577 3364 veterum
595 3297 680 3384 capis
700 3294 891 3365 officiorum
950 3347 952 3354 .

72 3422 205 3484 Fructus
224 3393 386 3485 amicitiae
405 3443 542 3507 magnae
563 3413 666 3484 cibus:
687 3423 827 3502 imputat
848 3419 935 3478 hunc
956 3433 1021 3482 rex.

63 3543 119 3622 lit,
141 3546 287 3625 quamvis
303 3563 423 3619 rarum,
445 3559 557 3606 tamen
570 3545 719 3624 imputat.
741 3540 826 3622 Ergo
842 3539 919 3598 duos
933 3548 1004 3618 post
1049 3525 1090 3598 ib

73 3661 104 3722 Si
124 3659 219 3742 libuit
240 3683 364 3726 menses
380 3666 566 3746 neglectmn
591 3654 744 3724 adhibere
767 3659 935 3732 clientem,
1009 3633 1011 3642 ,

74 3779 178 3844 Tertia
196 3803 239 3844 ne
259 3801 360 3844 vacuo
381 3793 514 3845 cessaret
538 3779 655 3843 culcita
675 3783 774 3842 lecto:

74 3900 142 3963 Una
163 3907 276 3978 simus,
300 3906 355 3967 ait.
399 3905 557 3966 Votorum
576 3923 717 3963 summa:
747 3900 824 3982 quid
842 3899 928 3956 ultre

75 4020 222 4099 Quaeris?
245 4023 343 4085 habet
359 4023 510 4102 Trebius,
533 4039 662 4108 propter
676 4021 761 4102 quod
774 4035 922 4108 rumpere
939 4023 1091 4118 somnum¹

573 4163 582 4190 i
