2648 4858
771 365 773 372 ¹
837 358 853 388 X

287 459 332 528 st
569 453 613 521 n.
634 429 736 516 tun.
758 421 1044 542 iuvandum

273 597 275 602 Ι
353 625 543 709 Eloquium,
565 595 765 688 'autffantam
785 595 1031 696 Demosthenis,
1052 613 1110 684 aut
1132 614 1287 683 Cicdronis

291 737 416 829 Incipit
439 731 557 829 optare*
573 759 607 807 et
626 749 702 808 totis
725 741 982 830 Quinquatribus·
1001 753 1106 823 optat,
1254 738 1302 806 115

292 869 441 950 Quisquis
463 865 571 926 adhuc
591 882 657 924 uno
680 875 809 948 partam
831 867 909 926 colit
931 879 996 924 asse
1017 857 1221 940 Minervam,
1320 866 1321 899 ³

238 1064 240 1075 Ι
292 989 401 1068 Quem
421 985 565 1066 'sequitur‘
588 991 691 1044 custos
713 993 865 1067 angustae
887 979 1023 1043 vernula
1043 993 1166 1062 capsae.
1196 1011 1203 1024 ·

290 1097 429 1186 Eloquio
452 1094 508 1164 sed
527 1113 663 1184 uterque
684 1106 768 1186 perit
791 1115 1115 1182 orator:·utrumque

291 1225 414 1306 Largus
438 1233 470 1284 et
492 1217 656 1286 exundans
678 1223 745 1291 leto
761 1213 858 1284 'dedit
879 1223 1002 1302 ingenii
1022 1221 1104 1283 fons.
1135 1239 1137 1248 ·
1187 1209 1191 1250 ³

292 1333 430 1427 ingenio
452 1364 569 1404 manus
592 1339 639 1405 est
660 1357 693 1404 et
715 1343 823 1404 cervix
846 1357 950 1403 caesas
972 1319 1034 1404 nec
1057 1319 1217 1422 umquam
1256 1343 1302 1406 120

189 1486 191 1490 ·
290 1455 454 1546 Sanguine
478 1453 631 1524 causidici
651 1457 850 1524 maduerunt
869 1430 972 1524 todia
996 1459 1117 1544 pusilli.

292 1585 322 1646 Ο
343 1585 543 1646 fortunatam
563 1575 676 1643 natam
697 1599 751 1642 me
774 1581 905 1642 consule
922 1581 1073 1642 Romam.
1249 1603 1251 1612 ’
1321 1547 1322 1640 l

215 1721 216 1726 ’
290 1699 414 1768 Antoni
436 1673 558 1784 gladios
580 1703 687 1783 potuit
710 1709 935 1776 contemnere,
957 1703 984 1762 si
1005 1703 1051 1762 sic
1090 1725 1095 1732 ·
1130 1681 1134 1691 ’
1171 1681 1175 1686 ’
1209 1681 1212 1688 ’

292 1825 413 1896 Omnia
435 1813 588 1883 dixisset:
617 1821 767 1882 Ridenda
788 1823 940 1907 poemata
965 1813 1071 1896 malb,

292 1939 405 2024 ¹Quam
425 1955 459 2002 te
483 1935 673 2023 conspicuae
696 1939 805 2002 diviua
825 1937 1026 2022 Philippica,
1048 1939 1173 2016 famae,
1257 1934 1323 2003 125³

292 2055 441 2123 Volveri's
463 2081 483 2121 a
503 2063 608 2144 prima
620 2079 711 2142 'quae
732 2059 889 2154 proxima.
918 2059 1224 2124 ·Saevus-etillu1n
1322 2101 1323 2106 κ

293 2172 405 2243 Exitus
426 2181 568 2262 eripuit,
594 2197 691 2262 quem
712 2177 914 2240 mirabantur
934 2157 1082 2243 Athenae
1187 2181 1194 2197 ‘'

215 2305 216 2312 ’
291 2300 489 2362 Torrentem
510 2313 543 2360 et
564 2299 655 2382 pleni
677 2299 902 2361 moderantem
924 2297 1016 2362 frena
1038 2299 1170 2376 theatri,

291 2421 351 2484 Dis
365 2422 431 2482 'ille
455 2413 591 2481 adversis
613 2422 738 2502 genitus
760 2420 889 2500 fatoque
910 2421 1054 2496 sinistro,
1246 2399 1250 2408 ⁴

296 2533 407 2620 Quem
427 2552 520 2621 pater
542 2537 682 2600 ardentis
703 2559 825 2599 massae
840 2537 976 2620 fuligine
997 2539 1104 2620 lippus
1205 2565 1209 2574 ·
1257 2539 1306 2601 130

295 2661 326 2722 A
349 2659 489 2719 carbone
512 2669 545 2717 et
565 2657 740 2739 forcipibus
763 2656 946 2738 gladiosque
968 2671 1103 2741 parante

294 2779 418 2842 Incude
441 2786 474 2838 'et
496 2775 592 2838 ludeo
614 2777 762 2838 Vulcano
785 2757 826 2837 ad
846 2777 976 2839 rhetora
997 2780 1094 2839 misit.
1152 2785 1155 2794 '

358 2898 527 2960 Bellorum
548 2897 696 2972 exuviae,
718 2898 840 2958 truncis
863 2898 956 2958 affixa
977 2897 1116 2980 tropaeis

293 3019 411 3083 Lorica
433 3031 467 3079 et
486 3015 590 3078 fracta
612 3017 652 3077 de
675 3017 794 3078 casside
816 3017 955 3080 buccula
976 3018 1118 3099 pendens

294 3119 344 3205 Et*
360 3153 489 3200 curtum
509 3151 646 3228 temone
661 3137 780 3218 iugtmi
800 3139 967 3220 victaeque
988 3137 1129 3198 triremis
1258 3131 1307 3200 155

256 3228 259 3234 ν
289 3259 447 3342 ..aplustre
470 3271 503 3318 et
525 3273 651 3318 summo
673 3259 771 3318 tristis
794 3261 937 3340 captivus
958 3261 995 3319 in
1016 3277 1095 3322 arcu

294 3375 456 3439 Humanis
478 3379 603 3438 maiora
623 3377 716 3438 bonis
740 3377 930 3438 creduntur:
945 3366 997 3438 'ad
1018 3379 1081 3440 hoc
1104 3399 1138 3440 se

250 3497 256 3508 '
294 3495 461 3558 Romanus
485 3495 661 3576 Graiusque
675 3489 722 3557 'ac
743 3465 1132 3580 barbarus'endoperator

295 3615 424 3679 Erexit:
448 3615 556 3676 causas
579 3617 769 3678 discriminis
792 3631 887 3698 atque
907 3617 1026 3689 laboris

185 3808 191 3818 ,
278 3727 377 3802 inde
398 3734 523 3796 habuit.
565 3736 672 3796 Tanto
693 3737 798 3798 maior
818 3737 923 3796 famae
950 3739 1016 3799 sitis
1039 3751 1094 3813 est,
1116 3757 1214 3819 quam
1255 3733 1307 3799 140

296 3856 442 3921 Virtutis.
486 3855 566 3935 Quis
587 3858 677 3916 enim
698 3857 852 3916 virtutem
874 3824 1079 3936 amplectitur
1099 3859 1219 3938 ipsam,

295 3975 446 4042 Praemia
466 3975 493 4036 si
513 3975 628 4036 tollas?
655 3975 798 4036 Patriam
817 3987 928 4036 tamen
951 3975 1058 4035 obruit
1080 3977 1160 4040 olim

232 4155 241 4176 ¹
297 4094 411 4158 Gloria
432 4100 620 4176 paucorum
633 4099 676 4156 et'
688 4093 791 4156 laudis
812 4095 963 4177 titulique
985 4089 1101 4176 cupido
