2706 4860
261 413 320 478 ct
554 409 596 474 o.
616 365 715 474 rdr.
738 357 1030 476 ruvruams'

272 584 308 646 Si
327 583 469 645 Fortuna
491 578 592 658 voiet,
620 583 679 646 fies
701 585 740 646 de
762 583 890 646 rhetore
912 585 1041 646 consui:

157 677 161 685 ¹
195 751 197 760 1
273 707 308 768 Si
330 707 517 786 voletkhaec
540 705 671 776 eadem,
693 703 750 764 fies
773 686 963 766 de'donsule
984 705 1105 779 rhetor

188 829 194 852 ’
273 829 443 890 Ventidius
462 825 539 906 quid
561 825 669 886 enim?
692 815 769 904 quid
790 823 936 886 Tullius?
964 845 1049 886 anne
1070 825 1176 899 aliud,
1200 843 1292 907 quam
1335 885 1337 889 ,

210 979 212 986 >
272 943 365 1010 Sidus
388 961 420 1008 et
442 945 562 1006 occulti
584 945 734 1006 miranda
755 947 898 1028 potentia
918 945 1002 1006 itti?¹
1232 947 1292 1016 200

268 1068 377 1128 'Servis
398 1085 498 1148 regna
521 1045 664 1138 dabudt,
687 1066 819 1145 captivis
840 1041 907 1124 fatti
928 1066 1140 1148 triumphum.
1338 1037 1339 1040 Ἴ

243 1222 246 1234 =
272 1187 364 1248 Felix
385 1187 442 1246 ille
464 1197 575 1246 tamen
598 1205 692 1245 corvo
717 1186 840 1266 quoque
861 1187 964 1246 rarior
986 1185 1069 1246 albo.
1094 1247 1104 1255 ,

227 1369 229 1374 ,
272 1305 438 1368 Poenituit
458 1305 576 1366 multos
598 1325 700 1368 vanae
720 1306 898 1386 sterilisque
921 1305 1109 1380 cathedrae,

233 1423 238 1437 '
272 1425 364 1486 Sicut
384 1425 620 1507 Thrasymachi
640 1424 756 1506 probat
777 1427 877 1486 exitus
900 1439 995 1506 atque
1014 1424 1157 1486 Secundi

275 1545 466 1638 Carrinatis:
488 1513 525 1605 et
541 1545 631 1606 hunc
653 1547 785 1624 inopem
807 1545 940 1620 vidistis,
962 1545 1128 1618 Athenae,
1234 1539 1293 1608 205
1339 1623 1340 1638 χ

272 1667 329 1728 Nil
350 1677 478 1746 praeter
499 1664 620 1745 gelidas
643 1685 737 1724 ausae
760 1663 904 1724 conferre
927 1667 1055 1726 cicutas.
1112 1674 1115 1679 '

274 1785 329 1859 Di,
352 1787 523 1846 maiorum·
535 1785 657 1847 mebris
678 1797 809 1880 teuuem
832 1797 863 1844 et
881 1785 1112 1866 sine.pondere
1131 1760 1257 1842 ‘terram

274 1905 501 1986 spirantesque
524 1923 633 1964 crocos
656 1917 689 1964 et
709 1905 745 1964 iu
767 1923 848 1964 urna
869 1917 1062 1984 perpetuum
1084 1925 1155 1977 ver,

275 2027 342 2106 Qui
362 2009 607 2106 praeceptorem
627 2021 730 2112 sancti
752 2023 882 2084 voluere
903 2025 1045 2104 parentis

239 2145 350 2210 nEsse
371 2147 454 2204 loco.
497 2141 646 2204 Metuens
668 2145 776 2224 virgae
797 2145 864 2204 iam
886 2145 1015 2224 grundis
1040 2145 1178 2206 Achilies
1234 2147 1297 2251 ²¹1⁰

275 2265 437 2326 Contabat
456 2261 568 2344 ¹patriis
589 2265 625 2324 in
646 2263 881 2346 montibusret
904 2265 1044 2332 coinon
1064 2277 1144 2324 tunc

274 2383 415 2446 Eliceret
435 2383 537 2444 risum
559 2383 737 2444 citharoedi
760 2384 861 2444 cauda
881 2383 1045 2464 magistri?
1338 2466 1340 2468 Ι

274 2503 339 2565 Sed
359 2503 482 2564 Rufum
505 2517 600 2584 atque
623 2504 700 2564 alios
720 2503 824 2562 caedit
844 2523 901 2562 sua
924 2465 1066 2582 quaeque
1087 2503 1257 2578 iurentur,

274 2623 414 2698 Rufum,
438 2624 492 2704 qui
513 2624 608 2682 toties
631 2623 823 2682 Ciceronem
843 2621 1020 2702 Allobroga
1042 2621 1130 2682 dirit.

341 2738 420 2822 Quis
428 2737 549 2823 gremio
557 2740 866 2822 Enceladidoctique
875 2741 1077 2802 Palaemonis
1086 2739 1189 2812 affert,
1234 2736 1298 2804 215

276 2863 445 2942 Quantum
466 2863 693 2945 grammaticus
714 2862 833 2922 meruit
855 2861 967 2922 labor?
990 2874 1147 2922 ettamen
1172 2879 1213 2922 ex
1225 2859 1297 2932 hoc,

265 2983 500 3063 'Quodcunque
523 2995 569 3042 est
592 2982 709 3057 (minus
731 2994 777 3042 est
795 2994 913 3055 autern,
935 2985 1034 3062 quarn*
1053 2979 1190 3074 rhetoris
1213 2982 1298 3058 aera)

276 3103 438 3186 Discipuli
458 3117 561 3164 custos
583 3101 788 3184 praemordet
809 3102 1055 3162 Acoenonoetus

274 3207 332 3297 Et,
355 3225 411 3304 qui
433 3223 609 3304 dispensat,
630 3221 750 3302 frango
770 3220 839 3281 sibi.
884 3219 987 3292 Cede,
1008 3219 1203 3294 Palaemon,

275 3343 319 3404 Et
331 3355 440 3424 patere
453 3341 529 3402 inde
546 3341 668 3422 aliquid
675 3342 872 3402 decrescere:
893 3359 961 3400 non
976 3339 1079 3411 aliter,
1092 3337 1195 3422 quani
1233 3340 1298 3404 200

274 3460 407 3522 Institor
428 3425 583 3520 hibernae
604 3461 717 3541 tegetis
739 3460 888 3540 niveique
911 3459 1057 3533 cadurci,

275 3579 464 3661 Dumrnodo
485 3597 553 3640 non
572 3593 699 3660 pereat,
720 3579 846 3642 mediae
868 3552 954 3660 duod
973 3573 1080 3651 uoctir
1099 3578 1138 3642 ab
1161 3578 1245 3642 hora

276 3699 407 3774 sedisti,
430 3721 494 3782 qua
514 3719 611 3760 nemo
633 3698 737 3773 faber,
760 3721 822 3780 qua
842 3719 938 3762 nemo
958 3700 1098 3774 sederet,
1165 3703 1168 3712 '

279 3823 345 3912 Qui
366 3821 460 3882 docet
482 3820 613 3902 obliquo
634 3821 742 3880 lanam
763 3820 921 3882 deducere
942 3821 1042 3882 ferro:

276 3941 465 4006 Dummodo
485 3961 552 4002 non
573 3953 683 4023 pereat
704 3939 840 4026 totidern
863 3940 1004 4002 olfecisse
1027 3942 1190 4020 lucernas,
1234 3933 1300 4004 226

279 4062 368 4141 Quot
388 4061 517 4122 stabant
537 4061 647 4142 pueri,
669 4081 768 4142 quum
788 4073 873 4126 totus
895 4059 1025 4124 decolor
1046 4073 1127 4120 esset
