2676 4860
185 411 230 474 ιιι
256 411 296 476 ιι.
316 409 403 476 tun
426 409 654 482 turnultus
674 362 867 480 ειιιιιιι
889 415 953 479 ιιι
1019 357 1082 491 sus

307 609 788 748 [curruum.
869 737 875 752 ¹
1006 575 1078 683 Ιι

403 763 406 770 ’
499 827 552 888 Vs.
594 824 625 892 6.
895 773 900 782 l
969 756 971 765 ⁴
1075 782 1078 790 Ι

93 977 158 1037 Nos
183 967 363 1062 colaphum'
379 977 555 1042 incutimus
578 980 746 1042 lambenti>
760 980 900 1043 crustula
921 1003 1021 1046 servo.
1046 957 1048 968 .

54 1131 113 1192 Hic
135 1152 244 1194 versus
265 1117 338 1194 ne
329 1155 364 1195 ιιι
385 1103 500 1218 spuriis
522 1133 689 1208 habeatur,
711 1103 813 1195 Servii
827 1111 1026 1198 auctoritas'
1017 1157 1078 1206 nn·
1127 1101 1130 1108 .
1153 1155 1158 1171 ἰ

54 1249 157 1334 pedit,
184 1255 238 1334 qui
260 1275 335 1314 eum
357 1255 398 1316 ad
419 1254 531 1360 Virgil.
557 1252 672 1336 Georg.
695 1216 751 1316 lib
776 1253 842 1329 ΙΙΙ,
877 1277 918 1318 vs.
942 1259 1014 1321 360.
1044 1271 1076 1317 et
1139 1272 1144 1280 ’

54 1368 126 1430 den.
166 1371 223 1432 lib.
249 1373 325 1449 Vll,
361 1394 402 1435 vs.
434 1374 504 1440 115.
530 1353 653 1464 laudat
698 1371 832 1462 Certum
860 1375 991 1456 quidem
1019 1389 1076 1451 est,

55 1508 122 1550 eum
145 1511 216 1553 non
238 1493 321 1556 bene
344 1507 490 1576 aptatum
513 1493 614 1554 videri
630 1493 901 1595 antecedentibus,
924 1495 979 1555 sed
995 1495 1075 1556 haeo
1120 1474 1130 1486 ⁶
1164 1523 1170 1540 ι
1212 1484 1217 1492 ’

56 1629 142 1672 causa
171 1633 240 1672 non
269 1614 401 1689 sufficit,
439 1634 496 1685 cur
526 1635 544 1674 e
574 1625 745 1714 contextu
758 1613 900 1674 tollatur.
949 1613 1075 1676 Scimus

54 1734 151 1807 euim,
181 1746 317 1814 poetam
334 1755 401 1796 non
423 1754 495 1796 raro
517 1756 567 1795 res
596 1735 700 1796 obiter
722 1746 868 1815 tangere,
897 1734 989 1796 nobis
1020 1735 1075 1795 ob·

51 1837 161 1929 scuras,
184 1843 277 1914 notas
300 1868 409 1914 autem
433 1855 625 1935 aequalibus,
649 1855 791 1935 quamvis
814 1837 929 1915 leviter
950 1835 1072 1916 iudica-

51 1983 105 2030 tas:
130 1993 168 2034 ac
191 1975 260 2068 sine
284 1975 399 2048 dubio,
422 1987 458 2033 ut
479 1975 546 2034 iam
567 1973 774 2034 Achaintrius
797 1975 1005 2074 eristimavit‚
1023 1975 1073 2034 al-

51 2089 127 2152 ludit
146 2061 309 2156 Iuvenalis
333 2095 374 2154 ad
395 2095 444 2154 sui
467 2096 537 2153 aevi
566 2093 761 2152 obscoenam
790 2067 938 2172 quidem,
968 2105 1000 2152 et
1027 2107 1074 2154 ta·
1094 2073 1095 2080 ἵ

50 2229 121 2272 men
150 2215 294 2283 iocosam
324 2213 508 2285 historiam,
538 2213 574 2272 in
604 2231 666 2294 qua
696 2211 1016 2272 commemoranda
1007 2233 1075 2292 rpsa

50 2328 183 2391 brevitas
208 2333 421 2403 ¹delectaverit
449 2331 629 2405 Romanos,
659 2333 714 2414 qui
744 2333 789 2392 sic
824 2320 1073 2392 commonefacti

51 2463 150 2512 cetera
172 2451 235 2512 sibi
259 2451 454 2532 supplerent.
484 2451 592 2532 Quare
613 2451 640 2512 si
660 2465 737 2512 nota
758 2449 851 2511 nobis
874 2463 953 2510 esset
975 2450 1072 2511 histo-
1157 2455 1159 2459 ’

50 2572 91 2631 ria
111 2574 186 2648 illa,
218 2558 287 2632 non
318 2571 455 2652 amplius
486 2571 525 2632 de
548 2555 720 2632 verborum
743 2571 947 2634 cohaerentia
971 2569 1072 2634 ambi·

50 2710 200 2771 geremus,
224 2706 256 2753 et
278 2691 383 2764 facile,
406 2711 486 2771 quae
504 2679 612 2772 aperte
627 2694 742 2752 omissa
752 2705 835 2766 sunt,
860 2693 987 2774 explere
1002 2711 1071 2774 pos-

49 2830 157 2876 semus.
202 2797 357 2874 Attamen
384 2811 643 2898 periclitandum.
665 2825 711 2872 est
733 2813 825 2873 inre
846 2813 979 2874 incerta.
1000 2817 1005 2824 ’
1023 2811 1092 2889 ΕιιΙ

48 2949 115 2994 mea
136 2935 297 2994 sententia
320 2932 383 2992 hoc
410 2931 471 2994 sibi
498 2933 568 2992 vult
590 2931 767 2994 luvenalis·
810 2929 978 3012 Deprenso
1008 2931 1071 2992 Ra-

49 3052 133 3127 volo,
166 3073 266 3144 quum
287 3051 492 3135 Rhodopes
483 3053 617 3132 mgnina
639 3051 812 3127 lamberet,
841 3049 926 3132 nihil
955 3053 1071 3115 timen-

50 3168 123 3232 dum
145 3187 228 3255 erat:
257 3193 336 3234 narn
364 3193 453 3234 servo
477 3163 617 3270 crustula
644 3171 786 3253 gustanti
808 3143 989 3252 colaphos
979 3191 1073 3232 mcu-
1111 3147 1118 3168 ’
1177 3177 1186 3186 “

48 3290 156 3366 timus,
192 3291 365 3376 Rhodopes
395 3267 504 3354 autem
539 3291 673 3373 inguina
707 3307 775 3350 non
812 3289 952 3378 crustula
934 3280 1071 3364 asunlt

49 3427 139 3487 quare
161 3410 284 3472 Ravolo
308 3433 413 3494 poena
435 3411 573 3498 colapho
598 3413 706 3472 minor
728 3409 947 3492 exspectanda.
980 3409 1070 3470 Haec
1115 3494 1116 3498 Ἰ
1207 3488 1211 3499 .

49 3532 214 3612 explicatio
236 3516 388 3613 congruit
412 3511 649 3614 quodammodo
669 3549 745 3590 cum
760 3526 944 3590 scholiasta:
981 3527 1070 3602 „Ser-
1119 3585 1125 3602 ,

25 3633 99 3709 'vus
123 3651 259 3734 colapho
283 3650 502 3732 percutitura
531 3652 639 3726 nobis,
668 3651 694 3711 si
724 3649 907 3731 placentam
929 3647 1068 3728 linguat:

47 3763 164 3832 Ravola
132 3771 296 3831 lautem
320 3789 395 3830 cum
417 3767 571 3832 lambat
561 3769 695 3854 inguina
721 3769 934 3841 feminarum,
963 3769 1068 3850 impu·

48 3889 126 3960 nitus
155 3891 307 3990 incedit.“
352 3889 521 3950 Cramerus
554 3884 596 3950 ad
623 3875 722 3949 schol.
751 3907 844 3970 pag.
853 3885 926 3950 366.
958 3897 1068 3954 συνα-
1103 3907 1109 3980 j
1147 3970 1154 3978 Ι

50 4007 173 4087 oriar,
207 4031 302 4097 quam
327 4011 421 4084 dicit,
450 4011 615 4076 restituere
650 4004 751 4066 voluit
780 4005 948 4068 scribendo
972 4028 1012 4068 vs.
1037 4010 1066 4069 3.
