2706 4860
268 429 333 520 rs,
559 421 602 484 n.
622 417 725 484 rou.
747 415 1040 482 sursulus

271 595 306 660 si
327 607 403 678 toga
423 591 588 657 sordidula
609 605 657 654 est
678 602 713 652 et
732 599 830 673 rupta
851 592 977 654 calceus
999 592 1084 652 alter

271 716 362 780 Pelle
383 727 491 796 patet:
522 715 573 775 vel
594 714 621 776 si
644 723 779 774 consuto
802 713 934 773 vulnere
958 721 1099 772 ¹crassum

272 839 378 918 Atque
399 853 511 898 recens
531 835 638 898 linum
659 833 800 894 ostendit
820 851 888 894 non
909 851 975 894 una
997 829 1154 894 cicatrix?

273 958 330 1023 Nil
350 955 454 1020 babet·
471 953 586 1016 infelix
607 965 778 1034 paupertas
800 951 910 1014 durius
931 952 971 1012 in'
989 969 1051 1024 so,¹
1159 927 1165 938 ¹

275 1078 383 1158 Quam
404 1074 491 1156 quod
511 1073 664 1136 ridiculos
686 1073 834 1134 homines
855 1071 942 1134 facit.
984 1069 1103 1145 Exeat,
1126 1067 1250 1150 inquit,
1343 1071 1344 1090 ³

273 1197 309 1260 Si
328 1195 434 1278 pudor
448 1206 515 1269 ast,
544 1207 578 1259 et
597 1193 637 1255 de
658 1194 793 1275 pulvino
815 1204 923 1274 surgat
944 1190 1099 1273 equestri,
1231 1193 1235 1201 '

274 1318 373 1396 Cujus
393 1335 444 1376 res
465 1313 530 1395 legi
549 1333 618 1376 non
639 1312 773 1388 sufficit,
795 1326 828 1376 et
847 1313 979 1376 sedeant
1000 1311 1056 1374 bic

253 1439 449 1504 “Lenonum
476 1437 569 1515 pueri
598 1441 791 1515 quocunque
816 1436 853 1496 in
873 1433 997 1496 fornice
1021 1431 1100 1494 nati
1143 1415 1148 1442 '

279 1559 343 1620 Hic
367 1554 501 1638 plaudat
524 1553 622 1616 nitidi
643 1555 809 1635 praeconis
825 1553 912 1618 filius
930 1555 1018 1616 inter
1088 1601 1091 1606 -

277 1674 447 1754 Pinnirapi
464 1671 594 1734 nultos
584 1693 716 1734 iuvenes
737 1675 932 1756 iuvenesque
952 1674 1107 1736 lanistae·

280 1795 333 1858 Sic
354 1794 489 1855 libitum
509 1768 611 1869 vano,
634 1795 689 1874 qui
702 1795 935 1868 uastissimis,
956 1793 1090 1885 Othoni.
1347 1788 1348 1856 l

276 1915 361 2000 Quis
383 1928 482 1994 gener
502 1911 557 1972 hic
570 1913 693 1996 placuit
709 1935 806 1977 censu
819 1917 928 1976 minor
950 1927 1046 1996 atque
1060 1910 1192 1995 puellae
1247 1911 1312 1975 160

172 2009 175 2014 Ι
282 2032 456 2096 Sarcinulis
479 2032 605 2114 impar?
628 2035 696 2114 quis
717 2053 841 2116 pauper
860 2034 1011 2096 scribitur
1032 2034 1140 2096 heres:

284 2153 445 2236 Quando
436 2173 472 2216 ιιι
493 2153 626 2216 consilio
640 2167 686 2214 ast
709 2153 886 2218 aedilibus?
909 2154 1047 2236 Agraina
1067 2153 1154 2216 iacto

283 2260 472 2336 Debuerant
494 2273 573 2338 olim
593 2288 706 2336 tenues
725 2277 879 2356 migrasse
901 2273 1087 2355 Quirites.

283 2392 382 2455 Haud
404 2391 519 2464 facile
527 2407 714 2478 emergunt,
738 2413 877 2475 quorum
900 2393 1072 2456 virtutibus
1097 2392 1203 2454 obstat
1350 2439 1351 2444 1

284 2513 349 2576 Res
371 2526 504 2594 angusta
523 2513 628 2590 domi,
650 2515 706 2576 sed
730 2514 855 2576 Rornae
877 2515 987 2574 durior
1006 2513 1077 2577 illis
1213 2577 1224 2588 ,
1252 2507 1315 2576 165

287 2631 444 2692 Conatus:
466 2650 584 2715 magno
599 2634 776 2716 hospitium
796 2633 995 2706 miserabile,
1016 2652 1135 2716 magno

287 2749 461 2814 Servorum
487 2765 613 2842 ventres
627 2765 659 2813 et
678 2752 764 2834 frugi
783 2753 921 2829 coenula
944 2771 1072 2834 magno.
1180 2805 1184 2818 ,
1218 2773 1240 2828 “,

288 2867 455 2964 Fictilibus
480 2847 615 2937 coenare
637 2871 754 2954 pudet,
777 2871 863 2952 quod
883 2883 976 2954 turpe
997 2873 1128 2955 negavit

288 2989 475 3054 Translatus
495 2990 600 3062 subito
611 2991 653 3052 ad
666 2989 800 3068 Marsos,
823 3011 1031 3074 mensamque
1042 2991 1225 3068 Sabellam,

290 3111 532 3192 contentusque
554 3111 624 3176 illic
645 3124 759 3174 veneto
782 3113 926 3195 duroque
948 3113 1086 3174 cucullo.
1252 3115 1319 3178 170

355 3231 431 3292 Pars
447 3249 566 3312 magna
579 3230 693 3292 Italiae
708 3247 759 3304 est,
779 3234 806 3296 si
819 3252 933 3294 verum
947 3232 1158 3308 admittimus,
1179 3235 1216 3296 in
1231 3253 1297 3315 qua

292 3349 396 3412 Nemo
417 3363 528 3431 togam
549 3351 664 3424 sumit,
686 3352 749 3415 nisi
765 3366 921 3416 mortuus.
964 3352 1036 3434 Ipsa
1061 3353 1188 3420 dieusm

292 3469 461 3530 Festorum
483 3465 620 3534 herboso
649 3469 766 3534 colitur
784 3475 809 3534 si
829 3473 956 3554 quando
975 3472 1103 3536 theatro

294 3589 443 3654 Maiestas
465 3591 660 3672 tandemque
673 3591 758 3652 redit
775 3591 814 3652 ad
835 3593 960 3674 pulpita
972 3607 1089 3657 notum

292 3708 469 3787 Exodium,
492 3733 593 3794 quum
615 3731 767 3794 personae
781 3713 929 3806 pallentis
943 3712 1071 3776 hiatum
1111 3799 1114 3805 ¹
1257 3717 1322 3784 176

293 3827 331 3890 1ιι
359 3833 482 3912 gremio
510 3833 622 3894 matris
652 3831 804 3896 formidat
830 3834 965 3923 rusticus
989 3835 1105 3898 infans.

295 3949 451 4031 Aequales
474 3951 602 4014 babitus
625 3951 694 4012 illic
715 3953 895 4034 similesque
917 3956 1038 4018 videbis

296 4067 504 4134 orchestram
526 4084 558 4130 et
580 4071 750 4152 populum:
774 4071 853 4136 clari
875 4055 1023 4136 velamen
1040 4073 1187 4150 honoris,

1077 4171 1137 4344 's
