2706 4860
749 143 756 174 t

85 437 124 466 ,ι
163 365 177 404 ⁸
226 423 309 486 46
462 369 489 496 s
553 413 1026 532 n.run1uvnua,ms

76 759 84 786 Ι

169 643 173 645 .
263 591 414 654 Palmam
434 591 519 652 inter
541 591 686 651 dominas
701 587 800 650 virtus
813 585 973 650 natalibus
993 604 1119 673 aequat.
1146 633 1150 642 ,
1241 621 1246 624 ·

237 713 321 788 „nn
334 713 381 772 aar
394 731 451 793 per
463 675 577 770 risum
591 705 810 770 sinuantur:
834 712 943 771 omna
961 709 1042 770 fient

210 727 212 741 1

232 764 237 780 l

264 834 317 894 Ad
333 823 459 904 verum,
483 825 596 910 quibu's
608 827 740 890 incendi
761 830 827 888 iam
846 829 978 910 frigidus
992 849 1079 898 aevo,
1227 828 1301 896 325

267 941 558 1041 Laomedontiades
573 943 605 1008 et
617 949 755 1009 Nestoris
772 948 885 1009 hernia
893 951 998 1030 possit.
1059 977 1060 980 ¹

169 1055 173 1060 ”
268 1065 363 1134 Tu'nc
377 1071 508 1152 prurigo
524 1088 634 1130 morae
649 1071 836 1149 impatiens,
857 1081 935 1130 tunc
958 1069 1079 1132 femina
1093 1071 1251 1152 simplex,

759 1155 766 1177 .

225 1232 230 1244 ·
267 1192 310 1254 Et
325 1205 393 1251 toto
410 1191 530 1271 pariter
543 1191 697 1271 repetitus
709 1173 839 1250 clamor
861 1189 900 1248 ab
924 1204 1031 1250 antro:
1050 1237 1064 1250 a
1103 1259 1109 1266 .

267 1311 399 1376 lamias
416 1323 478 1383 est,
497 1310 635 1370 vvadmitte
650 1310 742 1368 viros.
787 1308 951 1370 Dormitat
966 1309 1108 1384 adulter,

262 1431 331 1494 '’Illa
343 1431 434 1510 iubet
447 1441 552 1489 sumto
565 1431 716 1489 iuvenem
734 1447 907 1510 properare
924 1429 1061 1490 cucullo.
1116 1479 1120 1482 .
1234 1434 1303 1498 330

211 1628 215 1639 Ι
270 1553 305 1614 Si
318 1551 403 1612 nihil
416 1562 479 1624 est,
494 1541 596 1608 ‘servis
610 1549 801 1608 incurritur:
825 1547 995 1610 abstuleris
1005 1569 1097 1632 spem

206 1676 222 1732 ¹.
270 1671 460 1742 Servorum,
481 1669 589 1728 veniet
603 1667 784 1731 conductus¹
797 1670 957 1748 aquarius:
980 1669 1034 1730 hic
1049 1671 1075 1730 si

274 1791 449 1870 Quaeritur
462 1801 495 1848 et
508 1788 623 1857 desunt
641 1787 802 1848 homines:
824 1807 916 1848 mora
928 1787 1020 1846 nulla
1040 1807 1098 1868 per
1113 1791 1235 1872 ipsam,

274 1911 347 1990 Quo
359 1911 467 1968 minus
481 1909 630 1986 imposito
647 1908 776 1967 clunem
789 1909 957 1968 submittat
971 1907 1078 1996 asello

273 2029 379 2112 Atque
392 2029 517 2088 utinam
529 2027 609 2085 ritus
625 2038 744 2086 veteres
760 2041 792 2086 et
805 2028 936 2139 publica
949 2029 1064 2110 saltem
1232 2026 1303 2094 335
1342 2080 1343 2116 3

274 2150 333 2212 His
354 2147 473 2210 intacta
489 2147 581 2206 malis
598 2138 767 2226 agerentur
782 2168 884 2208 sacra:
906 2145 962 2208 sed
981 2167 1092 2208 omnes
1138 2179 1141 2186 .
1162 2229 1166 2237 ⁸

274 2271 444 2349 Noverunt
456 2267 564 2326 Mauri
578 2279 672 2347 atque
685 2267 774 2342 Indi,
798 2287 877 2349 quae
891 2243 1022 2349 psaltria
1035 2288 1156 2348 penem

274 2387 451 2460 Maiorem,
469 2405 572 2466 quam
583 2399 658 2446 sunt
671 2385 891 2448 duoCaesaris
905 2374 1137 2467 Anticatones,

275 2509 375 2597 Illuc,
397 2505 537 2566 testiculi
551 2505 612 2565 sibi
629 2508 772 2566 conscius
790 2507 876 2568 unde
892 2508 975 2590 fugit
991 2529 1078 2580 mus,

224 2628 441 2710 islntulerit,
460 2625 522 2684 ubi
537 2625 636 2686 velari
650 2627 776 2704 pictura
795 2627 942 2707 iubetur,
1148 2618 1150 2621 ¹
1234 2633 1300 2698 340

205 3677 236 3702 f

278 2750 498 2829 Quaecunque
513 2745 642 2804 alterius
656 2762 746 2804 sexus
759 2747 885 2808 imitata
902 2747 1040 2830 figuram
1053 2763 1106 2811 est.

276 2869 319 2930 Et
335 2868 404 2948 quis
423 2879 502 2924 tunc
516 2865 688 2924 hominum
709 2878 890 2928 contemtor
902 2864 1142 2932 numinisi'aut
1164 2846 1236 2952 quis

274 2988 480 3068 simpuvium
494 2987 599 3047 ridere
612 2987 738 3048 Numae
755 2989 948 3070 nigrumque
967 2991 1111 3051 catinum

275 3109 319 3170 Et
332 3109 490 3168 Vaticano
512 3107 640 3190 fragiles
654 3107 695 3166 de
710 3119 820 3166 monte
838 3111 971 3188 patellas
1051 3191 1053 3196 Ι

276 3229 379 3289 Ausus
395 3229 482 3288 erat?
505 3225 560 3288 sed
577 3247 666 3288 nunc
683 3227 724 3288 ad
739 3247 813 3308 quas
829 3245 897 3288 non
914 3228 1043 3290 Clodius
1058 3231 1146 3291 aras?
1233 3227 1302 3298 346

342 3348 466 3422 Audio,
490 3347 566 3428 quid
580 3361 701 3408 veteres
716 3345 797 3408 olim
810 3350 967 3409 moneatis
984 3351 1094 3411 amici:

279 3468 369 3530 Pone
384 3482 502 3540 seram,
526 3465 657 3528 cohibe:
677 3467 732 3526 sed
747 3469 814 3548 quis
831 3467 988 3529 custodiet
1000 3471 1082 3551 ipsos
1106 3493 1110 3522 ι

278 3587 452 3669 Custodes?
476 3597 570 3646 cauta
587 3597 634 3646 est
647 3599 679 3646 et
692 3585 809 3647 abillis
826 3589 943 3668 incipit
956 3609 1047 3650 uxor.

278 3686 411 3788 Iamque
426 3707 539 3768 eadem
550 3707 682 3768 summis
695 3709 816 3788 pariter
830 3709 1035 3791 minimisque
1052 3709 1169 3792 libido,
1201 3729 1203 3734 ·

242 3851 246 3860 ’
278 3826 347 3888 Nec
360 3827 490 3902 melior,
512 3827 636 3890 silicem
648 3825 781 3908 pedibus
795 3845 876 3908 quae
893 3831 1031 3890 conterit
1043 3841 1169 3905 atrurn,
1235 3827 1300 3896 350

279 3945 386 4024 Quam
401 3965 482 4026 quae
496 3949 669 4028 longorum
683 3945 812 4006 vehitur
833 3951 954 4010 cervice
969 3949 1131 4030 Syrorum.

346 4066 389 4126 Ut
402 4043 523 4150 spectet
536 4065 642 4142 ludos,
665 4065 817 4131 conducit
829 4069 969 4152 Ogulnia
984 4081 1126 4158 vestem,

1342 2587 1343 2598 1

1342 2705 1343 2720 1

1342 2823 1343 2836 1

1223 3023 1226 3030 ι

1188 3548 1191 3555 -

1181 3615 1183 3622 ι

1315 3707 1320 3716 ι

1260 4135 1267 4146 Δ

1342 4395 1343 4408 1

1342 4521 1343 4532 t

1342 4671 1343 4680 1
