2706 4860
267 369 313 488 is
416 392 451 482 .‘
556 421 598 488 ι).
619 420 719 489 rou.
741 414 1028 513 ruvsuasrs

185 667 189 673 .
268 593 439 656 servabat:
461 607 572 660 tamen
591 594 645 656 hic
664 597 834 677 properat,
857 595 944 656 velut
958 605 1072 677 urgeat
1085 596 1218 658 Austort
1347 581 1348 588 ¹

187 791 189 804 .
267 717 373 797 thue
399 697 493 778 lacub'
505 695 679 790 suberant,
696 715 754 778 ubi
776 718 960 796 quanquam
976 708 1088 777 ¹diruta
1108 729 1213 784 servat
1237 719 1293 784 ’60

225 881 228 885 -
266 836 378 917 Ignem
393 835 574 896 Troianum
594 846 627 894 et
643 833 775 897 Vestam
798 835 878 896 colit
894 835 978 897 Alba
1000 839 1181 913 minorem(

267 955 401 1018 Obstitit
417 953 552 1018 intranti
574 955 721 1016 miratrix
743 954 838 1016 turba
858 935 1041 1039 parumper.
1141 944 1147 954 ”

266 1074 312 1136 Ut
336 1077 442 1161 cessit,
470 1073 559 1136 facili
586 1087 761 1156 patuerunt
788 1075 918 1140 oudino
942 1076 1065 1147 valvae.

264 1195 396 1258 Exclusi
415 1207 560 1278 spectant
580 1169 716 1274 admissa
735 1197 867 1278 opsonia
892 1209 1007 1278 patres.

265 1315 336 1380 lun
356 1317 398 1379 ad
418 1315 574 1377 Attidem.
603 1313 705 1378 ¹Turn
725 1316 855 1390 Picens,
899 1317 1034 1398 Accipe,
1058 1317 1153 1392 dixit,
1247 1317 1292 1384 66

255 1430 539 1529 Ριὶιιιιιὶειιιιὶοιι
559 1434 654 1498 focis:
676 1435 811 1516 genialis
829 1437 943 1518 agatur

265 1555 328 1620 Iste
351 1557 433 1629 dies,
456 1523 593 1638 propera
612 1553 817 1616 stomachum
836 1556 943 1618 laxare
961 1557 1093 1639 saginis,

236 1755 238 1765 y
265 1677 308 1739 Et
329 1690 386 1738 tua
408 1687 570 1736 servatum
589 1693 742 1736 consume
765 1677 801 1736 in
823 1677 930 1738 secula
950 1677 1135 1738 rhombum.

264 1797 335 1878 Ipse
353 1798 425 1892 capi
447 1794 558 1856 voluit.
604 1793 692 1874 Quid
714 1795 874 1876 apertius?
919 1811 951 1858 et
969 1811 1081 1858 tamen
1103 1797 1155 1870 illi

248 1906 444 1998 =surgebant
467 1915 591 1978 cristae.
634 1913 726 1974 Nihil
748 1929 810 1988 est,
835 1915 922 1996 quod
944 1887 1073 1978 credere
1091 1918 1131 1979 de
1149 1939 1183 1980 se
1249 1915 1348 2014 70

158 2057 160 2064 “
258 2038 339 2100 Non
356 2038 470 2118 possit,
495 2053 596 2116 quum
611 2033 762 2094 laudatur
780 2034 829 2096 dis
853 2054 956 2116 aequa
977 2037 1137 2118 potestas.

265 2157 329 2218 Sed
348 2158 459 2220 deerat
479 2156 560 2237 pisci
579 2155 708 2236 patinae
723 2173 884 2216 mensura.
929 2155 1095 2220 Vocantur

199 2354 203 2376 .
262 2277 347 2360 Ergo
364 2279 408 2340 in
421 2275 592 2336 consilium
614 2293 781 2356 proceres,
801 2293 878 2356 quos
897 2275 1009 2338 oderat
1028 2277 1102 2354 ille,

264 2381 459 2478 In'quorurn
474 2390 557 2457 facie
574 2397 715 2468 miserae
736 2371 937 2478 magnaeque
955 2397 1086 2460 sedebat
1133 2417 1136 2426 ’

261 2501 379 2582 Pallor
394 2517 565 2578 amicitiae.
608 2501 752 2590 Primus,
780 2516 941 2578 clamante
959 2515 1123 2595 Liburno,
1250 2521 1293 2592 75
1347 2481 1348 2554 1

262 2635 411 2710 Currite,
433 2638 502 2696 iam
522 2635 619 2707 sedit,
640 2648 733 2716 rapta
753 2636 946 2717 properabat
967 2637 1075 2700 abolla

259 2737 417 2837 Pegasus,
439 2755 605 2816 adtonitae
619 2756 739 2835 positus
755 2723 860 2818 ‘modo
881 2725 1007 2820 uillicus
1027 2758 1112 2823 urbi.

265 2877 361 2936 Anne
376 2874 471 2937 aliud
490 2886 570 2934 tunc
586 2874 760 2954 praefecti?
786 2897 924 2959 quorum
949 2879 1088 2958 optimus
1109 2891 1206 2962 atque

263 2996 426 3076 Interpres
448 2995 558 3076 legum
571 2997 784 3058 sanctissimus
807 3001 917 3060 omnia
941 3019 1124 3079 quanquam

263 3113 478 3197 Temporibus
501 3115 576 3178 diris
596 3118 764 3179 tractanda
776 3119 941 3199 putabat
932 3119 1051 3178 inermi
1248 3126 1292 3191 80

263 3237 398 3298 lustitia.
442 3234 539 3294 Venit
561 3249 594 3296 et
609 3235 712 3317 Crispi
726 3237 868 3298 iucunda
887 3250 1049 3310 senectus,

138 3419 148 3428 ,
265 3355 364 3417 Cuius
384 3365 477 3416 erant
497 3375 618 3432 mores,
640 3358 742 3438 qualis
762 3356 929 3430 facundia,
952 3359 1032 3417 mite
1164 3411 1174 3432 ,

240 3542 244 3550 ,
261 3474 443 3556 Ingenium
488 3475 592 3538 Maria
608 3497 645 3538 ac
665 3489 766 3538 terras
779 3477 977 3558 populosque
993 3481 1118 3557 regenti

166 3654 169 3662 ,
264 3594 343 3675 Quis
366 3581 471 3658 nomes
491 3589 618 3672 utilior,
642 3599 668 3658 ri
690 3595 784 3656 clade
795 3609 828 3656 et
843 3609 930 3678 peste
952 3595 1010 3655 sub
1026 3598 1085 3657 illa
1130 3665 1134 3673 ¹

167 3777 171 3790 ,
262 3712 435 3780 Saevitiam
458 3719 612 3782 damnare
634 3731 666 3777 et
685 3717 859 3778 honestum
881 3716 997 3778 afferre
1018 3719 1130 3778 liceret
1249 3721 1292 3788 85

263 3833 461 3900 Consilium?
503 3838 567 3898 Sed
588 3838 664 3918 quid
683 3837 855 3924 violentius
875 3856 951 3898 aure
971 3843 1116 3918 tyranni,

181 3928 185 3944 .
264 3943 347 4016 Cum
368 3979 429 4040 quo
449 3960 488 4018 de
500 3959 631 4040 pluviis,
653 3933 708 4018 aut
725 3955 879 4029 aestibus,
909 3973 965 4019 aut
984 3951 1132 4022 nimboso

264 4075 346 4140 Vere
368 4078 534 4160 loquuturi
555 4077 660 4144 fatum
680 4077 841 4162 pendebat
864 4079 983 4144 amici?
