2706 4860
956 321 969 358 l

355 385 765 525 sputantem.
1032 397 1078 474 u

41 559 290 652 Plenadomus
310 571 388 622 tunc
411 563 515 626 omnis
537 574 571 624 et
589 561 825 658 ,ingemuerat
838 581 978 634 acervus
1012 567 1076 634 100
1127 633 1138 670 Ι
1215 586 1216 592 ’

36 682 282 756 Nummorum,
304 681 462 766 Spartana
484 681 643 766 chlamys,
667 684 838 766 conchylia
860 685 943 762 Coa,

35 800 76 860 Et
100 821 185 861 cum
206 801 366 864 Parrhasii
387 803 506 866 tabulis
531 805 690 886 signisque
711 803 860 886 Myronis

35 921 237 984 Phidiacum
258 923 387 985 vivebat
409 923 504 998 ebur,
537 943 599 984 nec
620 943 688 986 non
709 923 867 1006 Polycleti

36 1043 167 1104 Multus
191 1043 310 1124 ubique
332 1043 440 1104 labor:
461 1065 552 1105 rarae
573 1047 641 1106 sine
663 1045 814 1106 Mentore
835 1065 974 1110 mensae.

35 1163 119 1224 Inde
141 1163 318 1224 Dolabella
339 1177 387 1226 est
409 1178 503 1247 atque
525 1166 602 1226 hinc
623 1167 798 1240 Antonius,
821 1165 897 1226 inde
1009 1161 1071 1230 100
1101 1235 1103 1242 ,
1220 1124 1228 1143 -

36 1283 221 1365 sacrilegus
244 1285 377 1345 Verres:
397 1284 580 1346 referebant
601 1286 735 1346 navibus
758 1287 830 1348 altis
1211 1273 1219 1314 t

36 1403 175 1464 Occulta
198 1403 299 1484 spolia
321 1417 354 1464 et
375 1406 483 1486 plures
506 1407 545 1466 de
568 1409 649 1489 pace
670 1405 861 1498 tnumpbos.

36 1521 130 1584 Nunc
145 1525 242 1586 sociis
262 1527 339 1606 iuga
360 1545 469 1607 pauca,
484 1523 594 1599 boum,
617 1547 694 1608 grex
714 1545 830 1607 parvus
853 1541 1007 1606 equarum

36 1643 77 1704 Et
98 1658 195 1726 pater
217 1646 356 1706 armenti
379 1613 472 1728 capto
496 1649 651 1729 eripiatur
675 1639 796 1728 agello:
953 1649 956 1656 ’
990 1693 992 1699 s
1114 1671 1127 1714 t
1225 1693 1229 1698 -

35 1765 99 1846 Ipsi
122 1763 243 1825 deinde
264 1764 376 1839 Lares,
398 1765 531 1848 siquod
552 1768 726 1850 spectabile
748 1767 890 1848 signum,
1001 1767 1063 1830 110

35 1885 66 1946 Si
88 1887 159 1966 quis
181 1886 218 1945 in
240 1883 388 1946 aedicula¹
407 1885 497 1946 D'eus
518 1888 642 1948 unicus.
685 1885 775 1946 Haec
798 1886 918 1947 etenim
936 1894 1011 1946 sunt

34 2008 91 2066 Pro
114 1964 267 2100 summis:
288 2025 368 2064 nam
388 1985 462 2065 sunt
483 2005 564 2066 haec
585 2007 736 2068 maxima.
760 2005 945 2086 2Despicias
966 2019 1004 2066 tu
1062 2057 1064 2064 .

32 2126 181 2187 Forsitan
201 2118 349 2186 imbelles
366 2123 508 2186 Rhodios
530 2139 727 2206 unctamque
749 2123 944 2186 Corinthum
952 2148 966 2183 :s
987 2157 989 2165 ι

32 2245 195 2329 Despicias
210 2248 364 2308 merito..
389 2243 477 2324 Quid
497 2245 637 2306 resinata
661 2245 810 2306 iuventus
957 2323 961 2331 ι

35 2367 198 2450 Cmraque
219 2367 319 2426 totius
339 2365 459 2426 facient
480 2363 645 2425 tibilevia
667 2362 788 2444 gentis?
852 2381 862 2400 ²
996 2359 1058 2426 115
1157 2361 1160 2368 ²

33 2485 172 2548 Horrida
193 2486 326 2546 vitanda
348 2498 394 2544 est
415 2485 588 2565 Hispania,
612 2481 756 2542 Gallicus
778 2482 843 2541 aris

33 2603 261 2688 illyricumque
283 2605 379 2666 latus:
408 2625 504 2686 parce
528 2617 561 2664 et
577 2602 769 2665 messoribus
791 2601 871 2675 illis,

33 2725 92 2804 Qui
114 2738 261 2786 saturant
281 2725 414 2799 urbem,
438 2723 532 2786 Circo
554 2743 730 2803 scenaeque
750 2734 929 2782 vacantem.
997 2749 1008 2754 ·

33 2843 160 2923 Quanta
181 2857 291 2933 autem
307 2846 382 2906 inde
404 2845 484 2905 feres
505 2858 575 2906 tam
597 2845 684 2904 dirae
701 2845 851 2924 praemia
873 2841 1004 2924 culpae,

33 2963 111 3026 Cum
132 2979 247 3062 tenues
267 2981 372 3046 nuper
393 2965 515 3026 Marius
534 2965 717 3026 discinxerit
738 2961 849 3024 Altos?
987 2963 1056 3026 120
1174 2965 1177 2972 '

33 3085 219 3147 Curandum
238 3086 275 3146 in
295 3086 417 3166 primis,
438 3105 480 3146 ne
501 3103 620 3165 magna
640 3083 760 3145 iniuria
780 3079 838 3166 fiat
949 3093 954 3154 g

30 3201 173 3268 Fortibus
194 3219 229 3266 et
249 3207 381 3267 miseris.
402 3205 512 3266 Tollas
526 3206 604 3266 licet
625 3221 730 3278 omne,
755 3201 839 3284 quod
852 3219 987 3282 usquam
999 3215 1046 3262 est
1143 3271 1145 3274 ¹

31 3326 102 3387 Auri
123 3340 221 3407 atque
244 3327 384 3406 argenti:
405 3339 533 3386 scutum
554 3325 760 3407 gladiumque
781 3321 942 3402 relinques
1026 3407 1028 3414 Ι
1119 3341 1122 3356 ’

30 3441 66 3502 Et
84 3445 191 3506 iacula
213 3458 246 3505 et
267 3447 407 3526 galeam:
429 3446 571 3528 spoliatis
594 3463 683 3506 arma
704 3455 883 3525 supersunt.

33 3563 119 3642 Quod
140 3566 238 3626 modo
260 3568 425 3652 proposui,
447 3585 515 3626 nou
537 3579 583 3626 est
605 3565 778 3635 sententia:
799 3579 912 3622 verum
982 3560 1044 3625 125

31 3683 150 3747 Credite
171 3707 225 3746 me
247 3687 335 3746 vobis
357 3687 473 3748 folium
493 3688 629 3746 recitare
651 3685 802 3767 Sibyllae.

31 3801 59 3864 Si
77 3807 137 3866 tibi
158 3820 267 3867 sancta
289 3807 412 3899 cohors(
424 3786 651 3882 comitum—si
671 3825 768 3867 nemo
790 3803 935 3865 tribunal

30 3921 141 3987 Vendit
160 3927 398 4004 Acersecomes,
413 3910 453 3990 Xsi
473 3929 602 4008 nullum
621 3929 660 3998 ,in
682 3926 817 4004 coniuge
840 3924 977 3998 crimen,
1049 3951 1052 3958 ⁴

29 4039 90 4105 Nec
110 4067 168 4128 per
189 4053 363 4112 conventus
384 4059 418 4110 et
438 4061 555 4112 cuncta
575 4067 633 4132 pes
653 4045 773 4132 oppidu
794 4042 897 4109 curvi·
