2706 4860
377 363 636 448 sartan
679 383 789 447 vt·

54 560 99 622 Nil
118 559 212 642 pueri
234 531 374 633 fa'ciunt,
394 559 499 640 ipsam
521 557 672 640 configite
694 571 849 620 matrerm

54 677 208 761 Amphion
231 679 366 740 clamat:
387 681 443 742 sed
463 678 571 742 Paean
593 667 898 744 contrahit'arcum.

53 799 165 862 Extulit
188 791 396 882 ergo'greges
418 815 571 862 natorum
591 803 760 884 ipsumque
783 795 961 892 parenteml,
1007 797 1068 864 175

55 918 133 981 Dum
153 921 218 982 sibi
236 919 378 982 nobilior
398 919 564 984 Lentonae
587 938 682 1004 gente
705 905 845 984 videtur¹
921 907 924 922 ³

56 1041 149 1124 Atque
180 1043 304 1114 eadem,
322 1041 425 1128 scrofa
452 1042 557 1104 Niobe
585 1041 754 1108 fecundior
782 1031 865 1105 alla.

59 1162 137 1242 Quae
158 1165 244 1224 tanti
266 1165 417 1244 gravitas,
440 1183 520 1246 quae
542 1163 663 1240 forma,
685 1177 722 1225 ut
744 1185 776 1225 se
798 1163 859 1226 tibi
880 1179 1006 1242 semper

59 1282 214 1364 Imputat?
257 1283 363 1344 Huius
385 1285 474 1344 enim
496 1285 562 1346 rari
583 1287 764 1368 summique
787 1267 932 1364 voluptas

58 1401 146 1466 Nulla
168 1405 265 1478 boni,
289 1405 409 1486 quoties
432 1406 541 1466 animo
564 1419 715 1487 corrupta
735 1387 872 1496 superbo
887 1411 895 1492 Ἰ
1011 1405 1072 1467 180

62 1521 124 1584 Plus
144 1525 248 1598 aloes,
273 1543 369 1604 quam
390 1523 494 1586 mellis
516 1525 624 1588 habet.
670 1525 747 1608 Quis
772 1507 895 1601 deditus
918 1503 1031 1583 ‘autem

65 1643 155 1726 Usque
179 1647 260 1707 adeo
283 1637 344 1717 est,
366 1657 403 1704 ut
424 1663 492 1706 non
513 1645 623 1720 illam,
648 1666 745 1728 quam
765 1645 914 1706 laudibus
937 1645 1046 1734 effert,

64 1761 222 1826 Horreat
211 1785 311 1866 mque
333 1765 399 1826 dies
420 1769 557 1847 septenis
581 1767 685 1828 oderit
706 1768 814 1828 horis?
1065 1843 1069 1848 v

19 1883 20 1890 '
120 1885 287 1964 Quaedam
308 1905 406 1965 parva
429 1887 568 1967 quidem,
590 1887 645 1948 sed
666 1909 732 1948 non
751 1887 919 1974 toleranda
940 1887 1075 1948 maritis.

19 2069 22 2089 „
64 2003 140 2065 Nam
161 2007 238 2088 quad
254 2005 425 2081 rancadrus,
449 2029 545 2088 quam
562 2009 646 2088 quod
660 2029 693 2068 se
707 2029 775 2070 non
788 2023 880 2090 putat
902 2009 971 2070 ulla
1016 2001 1077 2074 185
1156 2040 1160 2050 ·

64 2123 259 2198 Formosam,
281 2108 344 2187 nisi
366 2147 446 2207 quae
469 2129 508 2188 de
529 2127 635 2189 Tusca
658 2129 818 2212 Graecula
839 2131 924 2190 facta
947 2127 1011 2188 est?

64 2243 109 2304 De
128 2246 333 2308 Sulmonensi
354 2269 445 2308 mera
468 2249 637 2328 Cecropis?
681 2249 800 2310 Omnia
823 2249 964 2322 Graece,
1028 2247 1029 2257 ’

68 2365 167 2444 Quum
189 2369 229 2428 sit
250 2382 344 2448 turpe
366 2369 466 2441 magis
489 2369 604 2428 nostris
626 2370 748 2428 nescire
770 2369 895 2429 Latine.

67 2486 130 2546 Hoc
150 2509 299 2548 sermone
319 2499 453 2570 pavent,
476 2487 539 2548 hoc
560 2487 658 2560 iram,
681 2489 812 2568 gaudia,
836 2509 943 2564 curas,

69 2603 131 2667 Hoc
153 2621 270 2668 cuncta
293 2607 462 2669 effundunt
484 2585 587 2690 animi
608 2623 743 2670 secreta:
767 2583 843 2690 quid
865 2577 972 2671 ultra?
1017 2593 1080 2684 100

19 2731 21 2744 “
72 2726 291 2788 Coneumbunt
314 2727 445 2788 Graece.
489 2727 599 2788 Dones
619 2744 730 2790 tamen
752 2733 812 2792 ista
834 2729 965 2829 puellis:
1004 2797 1009 2808 ¹

73 2845 154 2908 Tune
177 2816 291 2923 etiam,
314 2869 410 2930 quam
431 2829 536 2945 seatus
559 2863 591 2909 et
610 2851 822 2927 octogesimus
844 2871 947 2928 annus
1007 2815 1017 2828 l
1069 2814 1073 2842 Ι

72 2947 314 3044 Pulsat,adl1uc
338 2955 483 3030 Graece?
526 2971 603 3050 Νοιι
623 2983 669 3029 est
689 2969 743 3030 hic
765 2991 870 3030 sermo
871 2939 1027 3050 pudieus

72 3085 105 3147 In
123 3092 246 3164 vetula,
270 3092 392 3172 quoties
412 3089 600 3166 lascivum'
591 3063 765 3149 1ntervenit
784 3089 868 3148 illud

77 3207 154 3290 Ζωὴ
175 3206 240 3273 καὶ
262 3211 371 3292 ψυχή,
393 3208 491 3270 modo
513 3211 571 3288 sub
593 3207 699 3271 lodice
720 3181 840 3269 relictis
1007 3188 1084 3272 '195
1131 3289 1143 3298 .

74 3325 199 3390 Uteris
190 3349 227 3390 ιιι
247 3329 351 3390 turba.
396 3331 492 3410 Quod
515 3331 603 3390 enim
625 3349 693 3388 non
716 3329 833 3390 excitat
857 3329 979 3410 inguen
1046 3387 1062 3424 ¹.

75 3447 136 3509 Vox
147 3451 265 3512 blanda
289 3464 320 3537 et
334 3451 495 3532 nequam?
518 3451 634 3531 d1grtos
643 3449 749 3510 habet
784 3448 828 3508 Ut
849 3463 960 3511 tamen
974 3469 1085 3510 omnes
1178 3451 1184 3455 ’

74 3566 254 3632 Subsident
259 3591 398 3651 pennae,
423 3571 508 3632 dicas
529 3571 610 3632 haec
632 3591 686 3630 mo
687 3573 762 3633 llius
783 3573 911 3642 Aemo

76 3687 262 3772 Quanquam
277 3705 309 3750 et
322 3691 547 3794 Carpophoro,
569 3692 666 3790 iacies
679 3705 736 3752 tua
756 3677 921 3770 computat
935 3709 1044 3750 annos.

133 3809 166 3872 Si
186 3811 247 3872 tibi
268 3784 421 3893 legitimis
441 3827 571 3894 pactam
591 3785 799 3894 iunctamque
812 3809 938 3870 tabellis
999 3795 1088 3874 200
1146 3821 1148 3832 “

76 3927 145 3995 Νοιι
166 3951 197 3992 es
219 3945 400 4028 amaturus,
424 3931 571 3994 ducendi
584 3931 677 3995 nulla
697 3931 825 4033 videtur
898 3943 904 3954 ⁴

80 4043 189 4111 Caus'a·
210 4069 273 4142 nec
296 4064 360 4128 est,
384 4069 481 4138 quare
503 4071 639 4115 coenam
662 4063 695 4117 et
715 4015 878 4114 mustacea
895 4015 1026 4132 perdas,
