2706 4860
291 491 335 562 ot
535 473 1046 580 ”nqonruvrnn'crs
1134 513 1136 518 ,

261 610 480 736 iucundiun
501 679 535 729 et
557 685 670 730 carum
691 667 805 729 sterilis
828 667 906 728 facit
927 686 1008 726 uxor
1029 667 1183 775 amicum.
1230 631 1316 756 141)

281 737 359 854 Sed
376 801 434 860 tua
456 809 546 852 nunc
567 789 688 855 Micale
709 787 813 874 pariat
834 787 912 846 licet
934 799 978 848 et·
988 764 1102 867 pueros
1123 795 1187 848 tres

296 909 337 974 In
358 911 519 992 gremium
540 910 638 990 patris
660 907 774 968 fundat
795 907 906 968 simul.
929 908 995 987 ipse
1017 907 1146 985 loquaci

296 1027 459 1093 Gaudebit
480 1029 574 1102 nido,
596 1027 733 1088 viridem
755 1026 888 1086 thoraca
909 1025 1034 1086 iubebit
1058 1045 1065 1063 ι

294 1149 413 1211 Afferri
434 1149 647 1229 minimasque
669 1165 767 1208 nuces
791 1165 952 1226 assemque
974 1157 1142 1228 rogatum,

292 1253 345 1334 ‘Ad
366 1287 511 1330 mensam
534 1269 654 1348 quoties
676 1269 830 1348 parasitus
853 1267 976 1327 venerit
997 1266 1111 1326 infans.
1255 1259 1312 1326 145

252 1439 256 1444 .
295 1388 421 1452 Vilibus
444 1389 596 1468 rmcipites
618 1385 710 1468 fungi
733 1400 895 1468 ponentur
918 1387 1049 1456 amicis,

294 1505 425 1574 Baletus
448 1505 600 1582 domino,
623 1507 678 1566 sed
701 1507 807 1586 quales
831 1505 983 1566 Claudius
1005 1505 1071 1565 edit
1092 1580 1097 1599 X
1125 1552 1128 1562 s

294 1599 381 1694 aare
403 1627 500 1688 illum
521 1629 645 1700 uxoris,
674 1639 744 1707 post
767 1645 863 1706 quem
884 1627 932 1685 nil
955 1626 1090 1705 amplius
1113 1623 1189 1686 edit.

296 1747 391 1811 virro
413 1745 475 1808 siaa
497 1758 529 1806 et
549 1745 680 1824 terqua
702 1733 892 1806 varonibus
913 1746 970 1806 rna
991 1745 1116 1806 rutena

296 1861 400 1930 Poma
422 1865 521 1939 dari,
518 1878 665 1946 quorum
686 1865 753 1925 solo
776 1868 914 1947 poscaris
937 1867 1050 1940 odore,
1259 1863 1316 1931 150

188 2019 194 2028 =
300 1983 417 2066 Qualia
439 1996 611 2078 perpetuus
631 1985 817 2046 Phaeacum
838 1998 1029 2046 auctumnus
1051 1985 1211 2086 lrabebat,

298 2103 436 2169 Credere
459 2124 539 2186 quae
561 2105 659 2186 possis
680 2117 826 2186 surrepta
847 2106 1006 2166 sororibus
1028 2077 1118 2166 Airis.

293 2223 347 2290 Tu
367 2225 473 2288 scabie
488 2223 608 2316 'frueris
629 2225 724 2298 mali,
753 2223 876 2306 quod
866 2243 902 2284 m
927 2245 1040 2306 aggere
1059 2227 1189 2301 rodit,

298 2343 363 2428 Qui
384 2347 503 2428 tegitur
524 2357 637 2428 parma
659 2359 691 2406 et
712 2343 804 2426 galea
830 2357 1039 2426 metuensque
1065 2292 1189 2456 flagelli

293 2463 401 2529 Di'scit
421 2465 460 2525 ab
483 2464 606 2526 hirsuta
627 2465 771 2526 iaculum
792 2477 941 2544 torquere
957 2466 1090 2546 capella.
1255 2465 1313 2530 155

294 2583 441 2647 Forsitan
461 2565 623 2666 impensae
645 2585 818 2644 Virronem
839 2603 970 2663 parcere
993 2551 1111 2648 credas.
1342 2609 1343 2678 q

295 2701 366 2766 Hoc
389 2707 529 2786 agit‚·ut
550 2704 672 2764 doleas:
693 2721 771 2764 nam
794 2721 873 2783 quae
897 2705 1076 2778 comoedia,
1099 2704 1218 2766 numus

297 2824 375 2905 Quis
396 2824 513 2885 melior
533 2823 680 2904 plorante
703 2823 799 2904 gula?
822 2843 896 2904 ergo
919 2826 1033 2908 omnia¹
1050 2823 1153 2900 fiunt,

294 2943 334 3027 si,
349 2945 466 3019 nescis,
488 2957 526 3004 ut
546 2963 604 3025 per
625 2945 782 3004 lacrumas
805 2943 969 3004 effundere
991 2943 1093 3005 bilem

295 3038 425 3148 Cogeris
447 3083 616 3158 pressoque
639 3064 695 3125 diu
716 3064 847 3124 stridere
869 3067 995 3130 molari.

292 3183 346 3247 Tu
366 3186 428 3248 tibi
449 3185 539 3246 liber-
553 3187 651 3248 homo
674 3197 707 3246 et
727 3186 807 3266 regis
830 3189 963 3248 conviva
986 3187 1115 3262 viderisz

294 3304 435 3386 Captum
455 3317 488 3364 te
510 3307 623 3366 nidore
644 3325 719 3366 suae
741 3316 831 3385 putat
852 3309 909 3370 ille
932 3308 1075 3380 culinae,

185 3503 193 3512 .
292 3423 361 3484 Nec
382 3423 468 3483 male
492 3426 658 3485 coniectat.
704 3424 781 3504 Quis
805 3427 907 3490 enini
912 3433 981 3486 tarn
1002 3391 1115 3498 nudus,
1137 3438 1175 3486 ut
1182 3427 1291 3488 'illum
1339 3449 1340 3491 ι

291 3541 345 3608 Bis
367 3543 467 3617 serat,
490 3543 661 3604 Etruscum
681 3565 781 3645 puero
803 3548 829 3606 si
849 3548 985 3627 contigit
1007 3566 1136 3620 aurum,
1194 3535 1197 3542 ’

227 3718 232 3727 .
290 3663 354 3724 vel
374 3663 476 3736 nodus
498 3676 627 3725 tantum
648 3677 681 3725 et
702 3665 829 3746 signum
852 3665 889 3725 de
912 3683 1051 3748 paupere
1069 3667 1161 3727 loro?
1219 3665 1311 3731 165
1338 3733 1339 3762 q

288 3781 366 3866 Spes
386 3783 470 3844 bene
493 3771 651 3846 c'oenandi
672 3804 727 3844 vos
750 3784 878 3866 decipit.
920 3785 1004 3847 Ecce
1027 3787 1116 3848 dabit
1136 3788 1211 3848 iam*

288 3901 456 3968 Semesum
476 3902 621 3986 leporem
644 3918 738 3985 atque
761 3877 882 3986 aliquid
910 3905 949 3966 de
977 3906 1124 3966 clunibus
1153 3909 1233 3988 apri.

289 4023 340 4086 Ad
361 4025 506 4086 noriam
525 4027 633 4112 veniet
653 4025 761 4084 minor
782 4024 892 4086 altilis:
922 4027 997 4086 inde
1019 4039 1130 4106 parato

286 4141 478 4230 intactoque
499 4161 609 4216 omnes
630 4157 664 4206 et
684 4145 793 4207 stricto
815 4136 900 4230 pane
920 4147 1040 4208 tacetis.
