2706 4860
577 437 622 506 n.
645 435 744 500 ron.
766 393 1124 503 rounnlrrs
1076 417 1078 426 ’

298 617 386 698 Quos
407 613 471 676 illls
493 610 606 673 damus
627 624 660 708 et
681 563 842 690 dedimus,
865 607 977 691 quibus
996 599 1110 667 omnia
1131 603 1236 707 deber.
1271 609 1310 672 70
1338 609 1339 652 l

258 716 264 732 r
360 735 449 796 Haec
472 734 546 794 satis
568 733 635 794 ad
626 751 787 805 1uvenem‚
810 749 907 811 quem
927 727 1020 790 nobis
1035 725 1121 828 lama
1142 695 1339 808 superbum

295 857 410 920 Tradit
432 857 464 915 e't
484 853 635 914 inflatum
656 853 853 933 plenumque
874 849 1002 914 Nerone
1024 822 1217 930 propinquo

177 1017 179 1026 x
230 1038 240 1045 ,
279 979 398 1048 ,Rarus
422 974 633 1035 enimierme
655 991 761 1032 sensus
784 971 963 1030 communis
985 969 1021 1043 in
1041 966 1100 1028 illa

296 1097 448 1158 Fortuna.
475 1081 609 1154 'Sedte
632 1092 754 1152 censeri
774 1078 870 1172 laude
891 1102 1036 1164 tuorum,
1131 1108 1134 1118 ¹

218 1243 220 1248 ·
244 1199 247 1206 “
295 1193 1130 1290 Pontice,noruenm‚'s10utnah111pseusurae.
1273 1205 1309 1272 75
1338 1219 1339 1252 ³

212 1364 216 1376 ·
296 1335 414 1398 Laudis
437 1341 519 1415 agas,
544 1317 720 1396 ,Miserum
736 1341 783 1392 est
797 1331 936 1392 aliorum
949 1307 1138 1390 incumbere
1159 1322 1274 1405 famae,
1338 1342 1339 1374 ³

295 1457 345 1518 Ne
369 1441 509 1534 collapsa
529 1441 626 1515 ruant
646 1443 808 1512 subductis
830 1453 923 1510 tecta
938 1451 1115 1544 columnis.=
1159 1439 1164 1448 ’
1191 1489 1198 1496 ·

295 1575 418 1636 Stratus
440 1573 534 1632 humi
554 1573 677 1654 palmes
698 1546 820 1632 viduae'
832 1562 1125 1630 desiderat'rnmos.
1191 1561 1195 1566 ’

295 1695 372 1756 Esto
394 1694 497 1754 bonus
518 1691 626 1767 miles,
647 1703 736 1752 tutor
756 1691 878 1763 bonus,
901 1685 1019 1750 arbiter
1033 1681 1142 1750 idem¹¹

295 1803 441 1894 integer:
464 1779 681 1892 ambiguae'si
704 1811 830 1892 quando
845 1809 993 1870 ‘citabere
1013 1809 1102 1870 testis
1225 1801 1227 1808 ’
1276 1807 1310 1872 to

295 1933 506 2014 incertaeque
529 1932 609 2007 rei,
625 1925 770 1992 Phalaris
791 1910 871 1990 licet
889 1919 1044 2012 imperet,
1066 1939 1104 1988 ut
1116 1927 1166 1987 ais
1217 1957 1219 1965 =

190 2118 193 2130 ,
294 2051 421 2129 Falsus,
437 2064 476 2112 -et
498 2051 640 2113 admoto¹
652 2050 751 2110 dictet
771 2037 913 2132 periuria
932 2061 1057 2142 tauro,

294 2171 590 2232 Summum-‘crede
605 2157 694 2248 nefas
716 2171 860 2232 animam
881 2168 1041 2252 praeferre
1062 2161 1201 2250 pudor-i
1225 2181 1227 2184 ’
1268 2175 1271 2184 ’

294 2291 336 2354 Et
354 2301 497 2375 propter*
510 2293 619 2354 vitam·
635 2289 762 2352 vivendi
783 2251 917 2371 perdere
940 2309 1057 2350 causas.

294 2381 420 2494 Dignus
442 2419 548 2474 morte
566 2413 674 2496 perit,
698 2421 812 2470 coenet
832 2411 910 2471 licet
932 2421 1036 2472 ostrea
1058 2420 1193 2473 centum
1274 2403 1309 2474 di
1338 2433 1339 2467 ς

297 2531 449 2594 Gaurana
471 2545 507 2592 et·
527 2521 635 2592 Cosmi
654 2543 724 2592 toto
746 2545 909 2614 mergatur
932 2537 1023 2592 aino.
1057 2571 1059 2575 -

295 2651 485 2732 Forspectata
507 2651 717 2714 diu‘t-andem
738 2637 903 2732 provincia
926 2671 1025 2732 quum
1046 2664 1080 2710 te

296 2771 470 2833 Rectorem
487 2774 644 2864 accipiet,
667 2751 751 2853 pone
772 2749 841 2834 irae
860 2771 951 2832 irena
971 2771 1185 2852 modumque,
1240 2802 1246 2817 x

292 2891 385 2952 Pone
408 2905 441 2952 et
462 2894 800 2966 avaritia'er'miserere
821 2893 958 2974 inopum
978 2893 1148 2951 sociorum.
1177 2893 1200 2926 ·’

295 3012 374 3074 Orsa
395 3009 488 3074 video
504 3001 618 3096 regum
639 3014 746 3096 vacuis
768 3026 896 3073 exsucta
918 3013 1079 3072 medullis.
1119 3003 1144 3030 ⁵
1275 3008 1311 3070 90
1337 3031 1339 3068 ι

294 3133 445 3214 Respice,
468 3133 729 3216 *quidmoneant
743 3133 846 3214 leges,
875 3129 953 3213 quid
976 3134 1065 3192 curia
1085 3130 1235 3205 mandet,

294 3251 444 3314 Praemia
467 3266 584 3333 quanta
604 3253 706 3314 bonos
727 3265 898 3327 maneant,
922 3271 1019 3332 quam
1039 3250 1177 3311 fulmine
1199 3252 1282 3337 iusto
1338 3271 1339 3305 1

294 3369 337 3432 Et
360 3353 474 3453 Capito
498 3385 532 3432 et
552 3373 703 3432 Numitor
723 3374 865 3446 ruerint,
889 3339 1061 3432 damnante
1083 3385 1214 3446 senatu,

295 3489 423 3551 Piratae
446 3489 598 3568 Cilicum,
637 3490 701 3550 Sed
722 3490 799 3571 quid
821 3489 984 3552 damnatio
1008 3481 1146 3566 confert,

298 3607 408 3688 Quum
429 3609 686 3692 Pansaeripiat,
709 3611 864 3694 quidquid
884 3586 946 3670 tibi
966 3611 1065 3672 Natta
1084 3609 1239 3691 reliquit?
1275 3603 1310 3671 95
1338 3661 1339 3664 ,

296 3728 510 3806 Praeconem,
534 3729 731 3813 Chaerippe,
752 3733 815 3791 tuis
838 3717 1046 3812 circumspice
1066 3733 1199 3810 pannis,

150 3869 184 3915 ,“
224 3931 227 3936 ,
295 3825 429 3936 Iamque
450 3856 558 3912 taoe.‘'
575 3850 678 3914 Furor
691 3861 761 3926 est,
790 3859 863 3932 post
884 3851 994 3910 omnia
1014 3849 1149 3932 perdere
1174 3851 1311 3912 naulum·

298 3967 374 4031 Non
393 3969 482 4032 idem
502 3973 638 4051 gemitus
660 3971 755 4045 olim,
781 3989 887 4050 neque
907 3970 1022 4030 vulnus
1044 3979 1112 4027 erat
1132 3989 1195 4050 par

281 4087 518 4206 Pomorum,
546 4089 638 4154 rocfis
659 4088 865 4168 florentibus,
889 4103 921 4152 et
944 4088 1166 4169 modo'vtcns.
