<?xml version="1.0" encoding="UTF-8"?>
<!DOCTYPE html PUBLIC "-//W3C//DTD XHTML 1.0 Transitional//EN"
    "http://www.w3.org/TR/xhtml1/DTD/xhtml1-transitional.dtd">
<html xmlns="http://www.w3.org/1999/xhtml" xml:lang="en" lang="en">
 <head>
  <title>
</title>
<meta http-equiv="Content-Type" content="text/html;charset=utf-8" />
  <meta name='ocr-system' content='tesseract 3.04.00' />
  <meta name='ocr-capabilities' content='ocr_page ocr_carea ocr_par ocr_line ocrx_word'/>
</head>
<body>
  <div class='ocr_page' id='page_1' title='image "./satiraexvi00juvgoog_0126.png"; bbox 0 0 2648 4858; ppageno 0'>
   <div class='ocr_carea' id='block_1_1' title="bbox 344 426 1050 510">
    <p class='ocr_par' dir='ltr' id='par_1_1' title="bbox 344 426 1050 510">
     <span class='ocr_line' id='line_1_1' title="bbox 344 426 1050 510; baseline 0.004 -6"><span class='ocrx_word' id='word_1_1' title='bbox 344 435 414 504; x_wconf 76' lang='lat' dir='ltr'>SA</span> <span class='ocrx_word' id='word_1_2' title='bbox 437 426 466 500; x_wconf 86' lang='lat' dir='ltr'>T</span> <span class='ocrx_word' id='word_1_3' title='bbox 486 437 621 500; x_wconf 80' lang='lat' dir='ltr'>l&#39;R‘A&#39;</span> <span class='ocrx_word' id='word_1_4' title='bbox 647 430 745 500; x_wconf 66' lang='lat' dir='ltr'>Xillt&#39;</span> <span class='ocrx_word' id='word_1_5' title='bbox 989 441 1050 510; x_wconf 79' lang='lat' dir='ltr'>tot</span> 
     </span>
    </p>
   </div>
   <div class='ocr_carea' id='block_1_2' title="bbox 33 613 1053 1776">
    <p class='ocr_par' dir='ltr' id='par_1_2' title="bbox 39 613 829 696">
     <span class='ocr_line' id='line_1_2' title="bbox 39 613 829 696; baseline -0.004 -22"><span class='ocrx_word' id='word_1_6' title='bbox 39 615 128 674; x_wconf 86' lang='lat' dir='ltr'>Dona</span> <span class='ocrx_word' id='word_1_7' title='bbox 149 613 203 673; x_wconf 88' lang='lat' dir='ltr'>vel</span> <span class='ocrx_word' id='word_1_8' title='bbox 223 615 355 695; x_wconf 88' lang='lat' dir='ltr'>antiquo</span> <span class='ocrx_word' id='word_1_9' title='bbox 375 616 492 696; x_wconf 80' lang='lat' dir='ltr'>positas</span> <span class='ocrx_word' id='word_1_10' title='bbox 514 633 533 674; x_wconf 92' lang='lat' dir='ltr'>a</span> <span class='ocrx_word' id='word_1_11' title='bbox 554 625 629 692; x_wconf 81' lang='lat' dir='ltr'>rege</span> <span class='ocrx_word' id='word_1_12' title='bbox 651 623 793 672; x_wconf 85' lang='lat' dir='ltr'>coronas.</span> <span class='ocrx_word' id='word_1_13' title='bbox 827 675 829 684; x_wconf 53' lang='grc'>,</span> 
     </span>
    </p>

    <p class='ocr_par' dir='ltr' id='par_1_3' title="bbox 36 730 1053 1068">
     <span class='ocr_line' id='line_1_3' title="bbox 37 730 1053 812; baseline 0.002 -18"><span class='ocrx_word' id='word_1_14' title='bbox 37 735 117 794; x_wconf 86' lang='lat' dir='ltr'>Haeo</span> <span class='ocrx_word' id='word_1_15' title='bbox 139 734 188 795; x_wconf 92' lang='lat' dir='ltr'>ibi</span> <span class='ocrx_word' id='word_1_16' title='bbox 209 735 324 796; x_wconf 88' lang='lat' dir='ltr'>sinon</span> <span class='ocrx_word' id='word_1_17' title='bbox 344 747 427 808; x_wconf 85' lang='lat' dir='ltr'>sunt,</span> <span class='ocrx_word' id='word_1_18' title='bbox 449 735 557 797; x_wconf 83' lang='lat' dir='ltr'>minor</span> <span class='ocrx_word' id='word_1_19' title='bbox 571 745 672 794; x_wconf 82' lang='lat' dir='ltr'>exstat</span> <span class='ocrx_word' id='word_1_20' title='bbox 685 731 868 812; x_wconf 76' lang='lat' dir='ltr'>sacrilegus,</span> <span class='ocrx_word' id='word_1_21' title='bbox 890 733 945 812; x_wconf 88' lang='lat' dir='ltr'>qui</span> <span class='ocrx_word' id='word_1_22' title='bbox 989 730 1053 796; x_wconf 80' lang='lat' dir='ltr'>tto</span> 
     </span>
     <span class='ocr_line' id='line_1_4' title="bbox 38 852 911 932; baseline -0.001 -19"><span class='ocrx_word' id='word_1_23' title='bbox 38 855 134 915; x_wconf 85' lang='lat' dir='ltr'>Radat</span> <span class='ocrx_word' id='word_1_24' title='bbox 156 856 299 920; x_wconf 69' lang='lat' dir='ltr'>incenati</span> <span class='ocrx_word' id='word_1_25' title='bbox 319 854 430 916; x_wconf 82' lang='lat' dir='ltr'>femur·</span> <span class='ocrx_word' id='word_1_26' title='bbox 447 853 595 916; x_wconf 81' lang='lat' dir='ltr'>Herculis</span> <span class='ocrx_word' id='word_1_27' title='bbox 615 866 649 914; x_wconf 88' lang='lat' dir='ltr'>et</span> <span class='ocrx_word' id='word_1_28' title='bbox 669 852 788 917; x_wconf 79' lang='lat' dir='ltr'>faeiem</span> <span class='ocrx_word' id='word_1_29' title='bbox 807 853 911 932; x_wconf 85' lang='lat' dir='ltr'>ipsam</span> 
     </span>
     <span class='ocr_line' id='line_1_5' title="bbox 36 974 887 1068; baseline 0 -34"><span class='ocrx_word' id='word_1_30' title='bbox 36 977 188 1056; x_wconf 86' lang='lat' dir='ltr'>Neptuni,</span> <span class='ocrx_word' id='word_1_31' title='bbox 211 977 265 1056; x_wconf 86' lang='lat' dir='ltr'>qui</span> <span class='ocrx_word' id='word_1_32' title='bbox 287 976 485 1036; x_wconf 86' lang='lat' dir='ltr'>bracteolam</span> <span class='ocrx_word' id='word_1_33' title='bbox 507 975 546 1036; x_wconf 87' lang='lat' dir='ltr'>de</span> <span class='ocrx_word' id='word_1_34' title='bbox 569 974 699 1068; x_wconf 81' lang='lat' dir='ltr'>Castore</span> <span class='ocrx_word' id='word_1_35' title='bbox 722 975 827 1036; x_wconf 84' lang='lat' dir='ltr'>ducat.</span> <span class='ocrx_word' id='word_1_36' title='bbox 884 1008 887 1019; x_wconf 51' lang='grc' dir='ltr'>ι</span> 
     </span>
    </p>

    <p class='ocr_par' dir='ltr' id='par_1_4' title="bbox 36 1074 899 1170">
     <span class='ocr_line' id='line_1_6' title="bbox 36 1074 899 1170; baseline 0 -12"><span class='ocrx_word' id='word_1_37' title='bbox 36 1099 79 1158; x_wconf 80' lang='lat' dir='ltr'>An</span> <span class='ocrx_word' id='word_1_38' title='bbox 100 1074 246 1170; x_wconf 77' lang='lat' dir='ltr'>dubitet,</span> <span class='ocrx_word' id='word_1_39' title='bbox 268 1097 379 1160; x_wconf 87' lang='lat' dir='ltr'>solitus</span> <span class='ocrx_word' id='word_1_40' title='bbox 401 1109 507 1160; x_wconf 85' lang='lat' dir='ltr'>totum</span> <span class='ocrx_word' id='word_1_41' title='bbox 530 1095 669 1156; x_wconf 84' lang='lat' dir='ltr'>conflare</span> <span class='ocrx_word' id='word_1_42' title='bbox 692 1089 899 1158; x_wconf 81' lang='lat' dir='ltr'>Tonantem?</span> 
     </span>
    </p>

    <p class='ocr_par' dir='ltr' id='par_1_5' title="bbox 38 1215 801 1295">
     <span class='ocr_line' id='line_1_7' title="bbox 38 1215 801 1295; baseline -0.005 -18"><span class='ocrx_word' id='word_1_43' title='bbox 38 1217 148 1278; x_wconf 84' lang='lat' dir='ltr'>Confer</span> <span class='ocrx_word' id='word_1_44' title='bbox 171 1231 205 1277; x_wconf 91' lang='lat' dir='ltr'>et</span> <span class='ocrx_word' id='word_1_45' title='bbox 226 1215 662 1295; x_wconf 76' lang='lat' dir='ltr'>artificesmercatoremque</span> <span class='ocrx_word' id='word_1_46' title='bbox 685 1215 801 1281; x_wconf 80' lang='lat' dir='ltr'>veneni</span> 
     </span>
    </p>

    <p class='ocr_par' dir='ltr' id='par_1_6' title="bbox 33 1307 1053 1520">
     <span class='ocr_line' id='line_1_8' title="bbox 33 1307 1053 1416; baseline -0.004 -16"><span class='ocrx_word' id='word_1_47' title='bbox 33 1339 71 1400; x_wconf 89' lang='lat' dir='ltr'>Et</span> <span class='ocrx_word' id='word_1_48' title='bbox 82 1337 311 1401; x_wconf 88' lang='lat' dir='ltr'>deducendum</span> <span class='ocrx_word' id='word_1_49' title='bbox 325 1307 411 1398; x_wconf 73' lang='lat' dir='ltr'>corio</span> <span class='ocrx_word' id='word_1_50' title='bbox 426 1338 515 1398; x_wconf 91' lang='lat' dir='ltr'>bovis</span> <span class='ocrx_word' id='word_1_51' title='bbox 531 1338 566 1400; x_wconf 89' lang='lat' dir='ltr'>in</span> <span class='ocrx_word' id='word_1_52' title='bbox 578 1355 678 1407; x_wconf 83' lang='lat' dir='ltr'>mare,</span> <span class='ocrx_word' id='word_1_53' title='bbox 701 1353 776 1394; x_wconf 87' lang='lat' dir='ltr'>curn</span> <span class='ocrx_word' id='word_1_54' title='bbox 797 1351 860 1416; x_wconf 91' lang='lat' dir='ltr'>quo</span> <span class='ocrx_word' id='word_1_55' title='bbox 992 1329 1053 1396; x_wconf 79' lang='lat'>16⁵</span> 
     </span>
     <span class='ocr_line' id='line_1_9' title="bbox 40 1455 704 1520; baseline 0.006 -6"><span class='ocrx_word' id='word_1_56' title='bbox 40 1455 202 1518; x_wconf 84' lang='lat' dir='ltr'><strong>Clauditur</strong></span> <span class='ocrx_word' id='word_1_57' title='bbox 217 1457 356 1520; x_wconf 79' lang='lat' dir='ltr'>adversis</span> <span class='ocrx_word' id='word_1_58' title='bbox 367 1459 500 1520; x_wconf 80' lang='lat' dir='ltr'>itmoxia</span> <span class='ocrx_word' id='word_1_59' title='bbox 514 1458 608 1518; x_wconf 86' lang='lat' dir='ltr'>simia</span> <span class='ocrx_word' id='word_1_60' title='bbox 621 1455 704 1520; x_wconf 78' lang='lat' dir='ltr'>fuis.</span> 
     </span>
    </p>

    <p class='ocr_par' dir='ltr' id='par_1_7' title="bbox 39 1569 994 1776">
     <span class='ocr_line' id='line_1_10' title="bbox 40 1569 994 1658; baseline -0.003 -23"><span class='ocrx_word' id='word_1_61' title='bbox 40 1575 117 1636; x_wconf 85' lang='lat' dir='ltr'>Haec</span> <span class='ocrx_word' id='word_1_62' title='bbox 133 1590 233 1658; x_wconf 80' lang='lat' dir='ltr'>quota</span> <span class='ocrx_word' id='word_1_63' title='bbox 246 1595 317 1656; x_wconf 88' lang='lat' dir='ltr'>pars</span> <span class='ocrx_word' id='word_1_64' title='bbox 332 1577 506 1651; x_wconf 85' lang='lat' dir='ltr'>scelerum,</span> <span class='ocrx_word' id='word_1_65' title='bbox 529 1597 610 1657; x_wconf 90' lang='lat' dir='ltr'>quae</span> <span class='ocrx_word' id='word_1_66' title='bbox 625 1589 728 1636; x_wconf 88' lang='lat' dir='ltr'>custos</span> <span class='ocrx_word' id='word_1_67' title='bbox 748 1569 892 1636; x_wconf 84' lang='lat' dir='ltr'>Gallicus</span> <span class='ocrx_word' id='word_1_68' title='bbox 906 1573 994 1634; x_wconf 83' lang='lat' dir='ltr'>urbis</span> 
     </span>
     <span class='ocr_line' id='line_1_11' title="bbox 39 1694 825 1776; baseline 0 -22"><span class='ocrx_word' id='word_1_69' title='bbox 39 1694 136 1776; x_wconf 86' lang='lat' dir='ltr'>Usque</span> <span class='ocrx_word' id='word_1_70' title='bbox 154 1717 172 1756; x_wconf 88' lang='lat' dir='ltr'>a</span> <span class='ocrx_word' id='word_1_71' title='bbox 187 1697 339 1772; x_wconf 84' lang='lat' dir='ltr'>lucifero,</span> <span class='ocrx_word' id='word_1_72' title='bbox 362 1697 464 1758; x_wconf 85' lang='lat' dir='ltr'>donee</span> <span class='ocrx_word' id='word_1_73' title='bbox 479 1698 535 1758; x_wconf 90' lang='lat' dir='ltr'>lux</span> <span class='ocrx_word' id='word_1_74' title='bbox 549 1699 691 1770; x_wconf 86' lang='lat' dir='ltr'>occidat,</span> <span class='ocrx_word' id='word_1_75' title='bbox 714 1694 825 1770; x_wconf 81' lang='lat' dir='ltr'>audit?</span> 
     </span>
    </p>
   </div>
   <div class='ocr_carea' id='block_1_3' title="bbox 37 1813 1056 2020">
    <p class='ocr_par' dir='ltr' id='par_1_8' title="bbox 37 1813 1056 2020">
     <span class='ocr_line' id='line_1_12' title="bbox 37 1813 1050 1912; baseline -0.004 -37"><span class='ocrx_word' id='word_1_76' title='bbox 37 1813 175 1886; x_wconf 81' lang='lat' dir='ltr'>Humani</span> <span class='ocrx_word' id='word_1_77' title='bbox 188 1819 313 1896; x_wconf 79' lang='lat' dir='ltr'>generis</span> <span class='ocrx_word' id='word_1_78' title='bbox 327 1837 432 1878; x_wconf 89' lang='lat' dir='ltr'>mores</span> <span class='ocrx_word' id='word_1_79' title='bbox 452 1819 514 1880; x_wconf 86' lang='lat' dir='ltr'>tibi</span> <span class='ocrx_word' id='word_1_80' title='bbox 526 1835 618 1880; x_wconf 88' lang='lat' dir='ltr'>nosse</span> <span class='ocrx_word' id='word_1_81' title='bbox 630 1816 754 1877; x_wconf 83' lang='lat' dir='ltr'>volenti</span> <span class='ocrx_word' id='word_1_82' title='bbox 1044 1899 1050 1912; x_wconf 20' lang='lat' dir='ltr'>x</span> 
     </span>
     <span class='ocr_line' id='line_1_13' title="bbox 40 1935 1056 2020; baseline 0.003 -26"><span class='ocrx_word' id='word_1_83' title='bbox 40 1935 156 1996; x_wconf 88' lang='lat' dir='ltr'>Sufficit</span> <span class='ocrx_word' id='word_1_84' title='bbox 172 1953 240 1998; x_wconf 88' lang='lat' dir='ltr'>una</span> <span class='ocrx_word' id='word_1_85' title='bbox 256 1937 385 1998; x_wconf 83' lang='lat' dir='ltr'>domus:</span> <span class='ocrx_word' id='word_1_86' title='bbox 407 1959 524 2020; x_wconf 84' lang='lat' dir='ltr'>paucos</span> <span class='ocrx_word' id='word_1_87' title='bbox 537 1955 689 1998; x_wconf 77' lang='lat' dir='ltr'><strong>consume</strong></span> <span class='ocrx_word' id='word_1_88' title='bbox 702 1937 785 2010; x_wconf 87' lang='lat' dir='ltr'>dies,</span> <span class='ocrx_word' id='word_1_89' title='bbox 806 1945 838 1996; x_wconf 89' lang='lat' dir='ltr'>et</span> <span class='ocrx_word' id='word_1_90' title='bbox 994 1935 1056 2000; x_wconf 74' lang='lat'>160</span> 
     </span>
    </p>
   </div>
   <div class='ocr_carea' id='block_1_4' title="bbox 8 2049 1126 4177">
    <p class='ocr_par' dir='ltr' id='par_1_9' title="bbox 39 2049 1005 2268">
     <span class='ocr_line' id='line_1_14' title="bbox 39 2049 956 2140; baseline 0 -24"><span class='ocrx_word' id='word_1_91' title='bbox 39 2053 149 2116; x_wconf 83' lang='lat' dir='ltr'>Dicere</span> <span class='ocrx_word' id='word_1_92' title='bbox 161 2069 196 2115; x_wconf 87' lang='lat' dir='ltr'>te</span> <span class='ocrx_word' id='word_1_93' title='bbox 213 2055 386 2133; x_wconf 82' lang='lat' dir='ltr'>miserum,</span> <span class='ocrx_word' id='word_1_94' title='bbox 407 2073 578 2140; x_wconf 80' lang='lat' dir='ltr'><strong>postquam</strong></span> <span class='ocrx_word' id='word_1_95' title='bbox 591 2058 684 2118; x_wconf 90' lang='lat' dir='ltr'>illinc</span> <span class='ocrx_word' id='word_1_96' title='bbox 697 2056 838 2130; x_wconf 68' lang='lat' dir='ltr'>iubetis,</span> <span class='ocrx_word' id='word_1_97' title='bbox 860 2049 956 2116; x_wconf 74' lang='lat' dir='ltr'>aude.</span> 
     </span>
     <span class='ocr_line' id='line_1_15' title="bbox 41 2173 1005 2268; baseline -0.005 -31"><span class='ocrx_word' id='word_1_98' title='bbox 41 2173 111 2252; x_wconf 77' lang='lat' dir='ltr'>Quis</span> <span class='ocrx_word' id='word_1_99' title='bbox 119 2175 289 2238; x_wconf 74' lang='lat' dir='ltr'>umidum</span> <span class='ocrx_word' id='word_1_100' title='bbox 301 2189 412 2258; x_wconf 83' lang='lat' dir='ltr'>guttur</span> <span class='ocrx_word' id='word_1_101' title='bbox 424 2182 561 2242; x_wconf 81' lang='lat' dir='ltr'>iniretur</span> <span class='ocrx_word' id='word_1_102' title='bbox 576 2179 612 2238; x_wconf 89' lang='lat' dir='ltr'>in</span> <span class='ocrx_word' id='word_1_103' title='bbox 626 2177 784 2256; x_wconf 84' lang='lat' dir='ltr'><strong>Alpibus?</strong></span> <span class='ocrx_word' id='word_1_104' title='bbox 807 2185 864 2236; x_wconf 87' lang='lat' dir='ltr'>aut</span> <span class='ocrx_word' id='word_1_105' title='bbox 880 2177 952 2254; x_wconf 85' lang='lat' dir='ltr'>quis</span> <span class='ocrx_word' id='word_1_106' title='bbox 1000 2237 1005 2268; x_wconf 70' lang='lat' dir='ltr'><em>a</em></span> 
     </span>
    </p>

    <p class='ocr_par' dir='ltr' id='par_1_10' title="bbox 8 2293 1126 3618">
     <span class='ocr_line' id='line_1_16' title="bbox 39 2293 844 2378; baseline -0.001 -25"><span class='ocrx_word' id='word_1_107' title='bbox 39 2293 74 2354; x_wconf 89' lang='lat' dir='ltr'>In</span> <span class='ocrx_word' id='word_1_108' title='bbox 84 2295 197 2355; x_wconf 84' lang='lat' dir='ltr'>Meroe</span> <span class='ocrx_word' id='word_1_109' title='bbox 213 2315 315 2356; x_wconf 87' lang='lat' dir='ltr'>crasso</span> <span class='ocrx_word' id='word_1_110' title='bbox 331 2300 489 2378; x_wconf 78' lang='lat' dir='ltr'>maiorem</span> <span class='ocrx_word' id='word_1_111' title='bbox 501 2296 626 2356; x_wconf 82' lang='lat' dir='ltr'>infante</span> <span class='ocrx_word' id='word_1_112' title='bbox 639 2293 844 2354; x_wconf 86' lang='lat' dir='ltr'>mamillam?</span> 
     </span>
     <span class='ocr_line' id='line_1_17' title="bbox 8 2393 862 2498; baseline 0.001 -25"><span class='ocrx_word' id='word_1_113' title='bbox 8 2393 10 2420; x_wconf 26' lang='grc' dir='ltr'>ἱ</span> <span class='ocrx_word' id='word_1_114' title='bbox 42 2413 171 2475; x_wconf 85' lang='lat' dir='ltr'>Caerula</span> <span class='ocrx_word' id='word_1_115' title='bbox 185 2415 254 2494; x_wconf 93' lang='lat' dir='ltr'>quis</span> <span class='ocrx_word' id='word_1_116' title='bbox 266 2419 388 2498; x_wconf 79' lang='lat' dir='ltr'>stupuit</span> <span class='ocrx_word' id='word_1_117' title='bbox 409 2416 566 2478; x_wconf 76' lang='lat' dir='ltr'>Germani</span> <span class='ocrx_word' id='word_1_118' title='bbox 581 2417 722 2487; x_wconf 86' lang='lat' dir='ltr'>lumina,</span> <span class='ocrx_word' id='word_1_119' title='bbox 741 2413 862 2474; x_wconf 70' lang='lat' dir='ltr'>&#39;flavam</span> 
     </span>
     <span class='ocr_line' id='line_1_18' title="bbox 40 2528 1058 2623; baseline 0.002 -30"><span class='ocrx_word' id='word_1_120' title='bbox 40 2534 218 2596; x_wconf 73' lang='lat' dir='ltr'>caesariem</span> <span class='ocrx_word' id='word_1_121' title='bbox 236 2549 268 2598; x_wconf 86' lang='lat' dir='ltr'>et</span> <span class='ocrx_word' id='word_1_122' title='bbox 284 2537 416 2598; x_wconf 84' lang='lat' dir='ltr'>madido</span> <span class='ocrx_word' id='word_1_123' title='bbox 429 2547 635 2623; x_wconf 75' lang='lat' dir='ltr'>torquentem</span> <span class='ocrx_word' id='word_1_124' title='bbox 653 2553 774 2594; x_wconf 85' lang='lat' dir='ltr'>cornua</span> <span class='ocrx_word' id='word_1_125' title='bbox 788 2531 893 2594; x_wconf 80' lang='lat' dir='ltr'>cino?</span> <span class='ocrx_word' id='word_1_126' title='bbox 995 2528 1058 2595; x_wconf 77' lang='lat'>16⁵</span> 
     </span>
     <span class='ocr_line' id='line_1_19' title="bbox 40 2622 1126 2738; baseline 0 -24"><span class='ocrx_word' id='word_1_127' title='bbox 40 2655 157 2737; x_wconf 88' lang='lat' dir='ltr'>Nempe</span> <span class='ocrx_word' id='word_1_128' title='bbox 175 2657 261 2738; x_wconf 85' lang='lat' dir='ltr'>quod</span> <span class='ocrx_word' id='word_1_129' title='bbox 275 2657 354 2718; x_wconf 77' lang='lat' dir='ltr'>baec</span> <span class='ocrx_word' id='word_1_130' title='bbox 369 2659 434 2718; x_wconf 91' lang='lat' dir='ltr'>illis</span> <span class='ocrx_word' id='word_1_131' title='bbox 447 2669 563 2718; x_wconf 86' lang='lat' dir='ltr'>natura</span> <span class='ocrx_word' id='word_1_132' title='bbox 581 2667 627 2715; x_wconf 85' lang='lat' dir='ltr'>est</span> <span class='ocrx_word' id='word_1_133' title='bbox 642 2653 791 2716; x_wconf 85' lang='lat' dir='ltr'>omnibus</span> <span class='ocrx_word' id='word_1_134' title='bbox 802 2673 877 2714; x_wconf 87' lang='lat' dir='ltr'>una.</span> <span class='ocrx_word' id='word_1_135' title='bbox 1123 2622 1126 2632; x_wconf 34' lang='grc' dir='ltr'>Ι</span> 
     </span>
     <span class='ocr_line' id='line_1_20' title="bbox 8 2775 951 2855; baseline -0.002 -19"><span class='ocrx_word' id='word_1_136' title='bbox 8 2789 10 2814; x_wconf 72' lang='grc'><strong>’</strong></span> <span class='ocrx_word' id='word_1_137' title='bbox 42 2778 85 2836; x_wconf 81' lang='lat' dir='ltr'>Ad</span> <span class='ocrx_word' id='word_1_138' title='bbox 98 2779 219 2840; x_wconf 84' lang='lat' dir='ltr'>subitas</span> <span class='ocrx_word' id='word_1_139' title='bbox 235 2777 401 2838; x_wconf 82' lang='lat' dir='ltr'>Threcum</span> <span class='ocrx_word' id='word_1_140' title='bbox 415 2779 576 2850; x_wconf 87' lang='lat' dir='ltr'>volucres,</span> <span class='ocrx_word' id='word_1_141' title='bbox 597 2775 783 2855; x_wconf 86' lang='lat' dir='ltr'>nubemque</span> <span class='ocrx_word' id='word_1_142' title='bbox 801 2793 951 2836; x_wconf 78' lang='lat' dir='ltr'>sonoram</span> 
     </span>
     <span class='ocr_line' id='line_1_21' title="bbox 41 2893 780 2977; baseline 0.001 -24"><span class='ocrx_word' id='word_1_143' title='bbox 41 2893 211 2977; x_wconf 80' lang='lat' dir='ltr'>Pygmaeus</span> <span class='ocrx_word' id='word_1_144' title='bbox 225 2898 331 2976; x_wconf 86' lang='lat' dir='ltr'>parvis</span> <span class='ocrx_word' id='word_1_145' title='bbox 348 2899 447 2957; x_wconf 87' lang='lat' dir='ltr'>currit</span> <span class='ocrx_word' id='word_1_146' title='bbox 458 2897 597 2958; x_wconf 78' lang='lat' dir='ltr'>bellator</span> <span class='ocrx_word' id='word_1_147' title='bbox 609 2897 646 2956; x_wconf 85' lang='lat' dir='ltr'>in</span> <span class='ocrx_word' id='word_1_148' title='bbox 664 2895 780 2956; x_wconf 74' lang='lat' dir='ltr'>armist</span> 
     </span>
     <span class='ocr_line' id='line_1_22' title="bbox 43 3015 800 3098; baseline -0.001 -23"><span class='ocrx_word' id='word_1_149' title='bbox 43 3015 114 3076; x_wconf 83' lang='lat' dir='ltr'>Mox</span> <span class='ocrx_word' id='word_1_150' title='bbox 130 3021 235 3098; x_wconf 90' lang='lat' dir='ltr'>impar</span> <span class='ocrx_word' id='word_1_151' title='bbox 250 3016 334 3076; x_wconf 88' lang='lat' dir='ltr'>hosti</span> <span class='ocrx_word' id='word_1_152' title='bbox 344 3029 517 3096; x_wconf 85' lang='lat' dir='ltr'>raptusque</span> <span class='ocrx_word' id='word_1_153' title='bbox 528 3019 587 3095; x_wconf 80' lang='lat' dir='ltr'>p&#39;er</span> <span class='ocrx_word' id='word_1_154' title='bbox 602 3019 676 3074; x_wconf 70' lang='lat' dir='ltr'>abra</span> <span class='ocrx_word' id='word_1_155' title='bbox 697 3016 800 3074; x_wconf 84' lang='lat' dir='ltr'>curvis</span> 
     </span>
     <span class='ocr_line' id='line_1_23' title="bbox 42 3133 1060 3216; baseline 0.003 -22"><span class='ocrx_word' id='word_1_156' title='bbox 42 3134 203 3216; x_wconf 79' lang='lat' dir='ltr'>Unguibus</span> <span class='ocrx_word' id='word_1_157' title='bbox 221 3155 347 3198; x_wconf 83' lang='lat' dir='ltr'>asaeva</span> <span class='ocrx_word' id='word_1_158' title='bbox 365 3135 467 3196; x_wconf 87' lang='lat' dir='ltr'>fertur</span> <span class='ocrx_word' id='word_1_159' title='bbox 479 3153 565 3216; x_wconf 80' lang='lat' dir='ltr'>grue.</span> <span class='ocrx_word' id='word_1_160' title='bbox 609 3133 645 3194; x_wconf 90' lang='lat' dir='ltr'>Si</span> <span class='ocrx_word' id='word_1_161' title='bbox 665 3134 772 3194; x_wconf 86' lang='lat' dir='ltr'>videas</span> <span class='ocrx_word' id='word_1_162' title='bbox 783 3133 847 3194; x_wconf 91' lang='lat' dir='ltr'>hoc</span> <span class='ocrx_word' id='word_1_163' title='bbox 998 3137 1060 3199; x_wconf 80' lang='lat'>170</span> 
     </span>
     <span class='ocr_line' id='line_1_24' title="bbox 44 3251 814 3335; baseline 0.005 -25"><span class='ocrx_word' id='word_1_164' title='bbox 44 3251 195 3321; x_wconf 82' lang='lat' dir='ltr'>Gentibus</span> <span class='ocrx_word' id='word_1_165' title='bbox 210 3257 245 3316; x_wconf 91' lang='lat' dir='ltr'>in</span> <span class='ocrx_word' id='word_1_166' title='bbox 260 3259 391 3332; x_wconf 84' lang='lat' dir='ltr'>nostris,</span> <span class='ocrx_word' id='word_1_167' title='bbox 412 3258 479 3317; x_wconf 84' lang='lat' dir='ltr'>risu</span> <span class='ocrx_word' id='word_1_168' title='bbox 495 3255 653 3335; x_wconf 79' lang='lat' dir='ltr'>quatiere:</span> <span class='ocrx_word' id='word_1_169' title='bbox 675 3255 731 3315; x_wconf 85' lang='lat' dir='ltr'>sed</span> <span class='ocrx_word' id='word_1_170' title='bbox 743 3255 814 3316; x_wconf 90' lang='lat' dir='ltr'>illic</span> 
     </span>
     <span class='ocr_line' id='line_1_25' title="bbox 46 3374 975 3460; baseline -0.001 -25"><span class='ocrx_word' id='word_1_171' title='bbox 46 3374 243 3457; x_wconf 85' lang='lat' dir='ltr'>Quamquam</span> <span class='ocrx_word' id='word_1_172' title='bbox 259 3376 373 3438; x_wconf 81' lang='lat' dir='ltr'>eadem</span> <span class='ocrx_word' id='word_1_173' title='bbox 388 3375 510 3438; x_wconf 75' lang='lat' dir='ltr'>assidue</span> <span class='ocrx_word' id='word_1_174' title='bbox 524 3381 708 3456; x_wconf 80' lang='lat' dir='ltr'>spectantur</span> <span class='ocrx_word' id='word_1_175' title='bbox 729 3375 851 3456; x_wconf 80' lang='lat' dir='ltr'>proelio</span> <span class='ocrx_word' id='word_1_176' title='bbox 860 3421 869 3460; x_wconf 71' lang='lat'><em>7</em></span> <span class='ocrx_word' id='word_1_177' title='bbox 889 3375 975 3436; x_wconf 81' lang='lat' dir='ltr'>ridet</span> 
     </span>
     <span class='ocr_line' id='line_1_26' title="bbox 45 3493 885 3618; baseline 0.002 -66"><span class='ocrx_word' id='word_1_178' title='bbox 45 3493 155 3572; x_wconf 90' lang='lat' dir='ltr'>Nemo,</span> <span class='ocrx_word' id='word_1_179' title='bbox 178 3497 236 3557; x_wconf 91' lang='lat' dir='ltr'>ubi</span> <span class='ocrx_word' id='word_1_180' title='bbox 251 3509 320 3618; x_wconf 75' lang='lat' dir='ltr'>totp</span> <span class='ocrx_word' id='word_1_181' title='bbox 336 3497 449 3558; x_wconf 84' lang='lat' dir='ltr'>cohors</span> <span class='ocrx_word' id='word_1_182' title='bbox 463 3497 544 3578; x_wconf 86' lang='lat' dir='ltr'>pede</span> <span class='ocrx_word' id='word_1_183' title='bbox 557 3515 625 3556; x_wconf 91' lang='lat' dir='ltr'>non</span> <span class='ocrx_word' id='word_1_184' title='bbox 640 3509 687 3556; x_wconf 88' lang='lat' dir='ltr'>est</span> <span class='ocrx_word' id='word_1_185' title='bbox 701 3497 796 3558; x_wconf 88' lang='lat' dir='ltr'>altior</span> <span class='ocrx_word' id='word_1_186' title='bbox 808 3515 885 3556; x_wconf 85' lang='lat' dir='ltr'>uno.</span> 
     </span>
    </p>

    <p class='ocr_par' dir='ltr' id='par_1_11' title="bbox 103 3615 880 3698">
     <span class='ocr_line' id='line_1_27' title="bbox 103 3615 880 3698; baseline -0.001 -22"><span class='ocrx_word' id='word_1_187' title='bbox 103 3617 244 3678; x_wconf 84' lang='lat' dir='ltr'>Nullane</span> <span class='ocrx_word' id='word_1_188' title='bbox 260 3618 381 3696; x_wconf 82' lang='lat' dir='ltr'>periuri</span> <span class='ocrx_word' id='word_1_189' title='bbox 399 3618 510 3697; x_wconf 76' lang='lat' dir='ltr'>capitis</span> <span class='ocrx_word' id='word_1_190' title='bbox 523 3615 707 3698; x_wconf 82' lang='lat' dir='ltr'>fraudisque</span> <span class='ocrx_word' id='word_1_191' title='bbox 721 3616 880 3676; x_wconf 79' lang='lat' dir='ltr'>netandae</span> 
     </span>
    </p>

    <p class='ocr_par' dir='ltr' id='par_1_12' title="bbox 45 3733 1060 4177">
     <span class='ocr_line' id='line_1_28' title="bbox 45 3733 1060 3816; baseline 0.004 -22"><span class='ocrx_word' id='word_1_192' title='bbox 45 3733 146 3796; x_wconf 83' lang='lat' dir='ltr'>Poena</span> <span class='ocrx_word' id='word_1_193' title='bbox 161 3737 241 3800; x_wconf 80' lang='lat' dir='ltr'>erit?</span> <span class='ocrx_word' id='word_1_194' title='bbox 264 3735 444 3816; x_wconf 85' lang='lat' dir='ltr'>Abreptum</span> <span class='ocrx_word' id='word_1_195' title='bbox 459 3737 553 3797; x_wconf 86' lang='lat' dir='ltr'>crede</span> <span class='ocrx_word' id='word_1_196' title='bbox 570 3737 659 3798; x_wconf 87' lang='lat' dir='ltr'>hunc</span> <span class='ocrx_word' id='word_1_197' title='bbox 671 3737 816 3816; x_wconf 82' lang='lat' dir='ltr'>graviore</span> <span class='ocrx_word' id='word_1_198' title='bbox 832 3745 946 3794; x_wconf 86' lang='lat' dir='ltr'>catena</span> <span class='ocrx_word' id='word_1_199' title='bbox 999 3733 1060 3798; x_wconf 82' lang='lat'>175</span> 
     </span>
     <span class='ocr_line' id='line_1_29' title="bbox 49 3852 939 3939; baseline 0 -27"><span class='ocrx_word' id='word_1_200' title='bbox 49 3852 188 3918; x_wconf 85' lang='lat' dir='ltr'>Protinus</span> <span class='ocrx_word' id='word_1_201' title='bbox 203 3871 235 3916; x_wconf 90' lang='lat' dir='ltr'>ot</span> <span class='ocrx_word' id='word_1_202' title='bbox 249 3869 360 3917; x_wconf 80' lang='lat' dir='ltr'>nostro</span> <span class='ocrx_word' id='word_1_203' title='bbox 374 3853 466 3938; x_wconf 87' lang='lat' dir='ltr'>(quid</span> <span class='ocrx_word' id='word_1_204' title='bbox 484 3857 555 3939; x_wconf 84' lang='lat' dir='ltr'>plus</span> <span class='ocrx_word' id='word_1_205' title='bbox 563 3857 650 3917; x_wconf 61' lang='lat' dir='ltr'>‘velit</span> <span class='ocrx_word' id='word_1_206' title='bbox 663 3858 713 3916; x_wconf 85' lang='lat' dir='ltr'>ira</span> <span class='ocrx_word' id='word_1_207' title='bbox 719 3856 745 3932; x_wconf 68' lang='grc' dir='ltr'>ἓ)</span> <span class='ocrx_word' id='word_1_208' title='bbox 765 3855 875 3914; x_wconf 79' lang='lat' dir='ltr'>nenati</span> <span class='ocrx_word' id='word_1_209' title='bbox 938 3869 939 3873; x_wconf 73' lang='grc'>’</span> 
     </span>
     <span class='ocr_line' id='line_1_30' title="bbox 51 3961 946 4054; baseline 0.003 -22"><span class='ocrx_word' id='word_1_210' title='bbox 51 3973 197 4038; x_wconf 83' lang='lat' dir='ltr'>Arbitrio:</span> <span class='ocrx_word' id='word_1_211' title='bbox 211 3983 332 4040; x_wconf 78' lang='lat' dir='ltr'>,manet</span> <span class='ocrx_word' id='word_1_212' title='bbox 346 3975 403 4036; x_wconf 90' lang='lat' dir='ltr'>illa</span> <span class='ocrx_word' id='word_1_213' title='bbox 417 3961 528 4036; x_wconf 80' lang='lat' dir='ltr'>temen</span> <span class='ocrx_word' id='word_1_214' title='bbox 539 3978 679 4048; x_wconf 79' lang='lat' dir='ltr'>iactura,</span> <span class='ocrx_word' id='word_1_215' title='bbox 701 3993 762 4034; x_wconf 85' lang='lat' dir='ltr'>nec</span> <span class='ocrx_word' id='word_1_216' title='bbox 784 3993 946 4054; x_wconf 77' lang='lat' dir='ltr'>umqum·</span> 
     </span>
     <span class='ocr_line' id='line_1_31' title="bbox 51 4087 908 4177; baseline 0.004 -26"><span class='ocrx_word' id='word_1_217' title='bbox 51 4087 232 4173; x_wconf 87' lang='lat' dir='ltr'>Depositum</span> <span class='ocrx_word' id='word_1_218' title='bbox 246 4097 309 4160; x_wconf 87' lang='lat' dir='ltr'>tibi</span> <span class='ocrx_word' id='word_1_219' title='bbox 328 4115 431 4177; x_wconf 82' lang='lat' dir='ltr'>sospes</span> <span class='ocrx_word' id='word_1_220' title='bbox 446 4098 515 4160; x_wconf 84' lang='lat' dir='ltr'>erit.</span> <span class='ocrx_word' id='word_1_221' title='bbox 559 4096 622 4158; x_wconf 85' lang='lat' dir='ltr'>Sed</span> <span class='ocrx_word' id='word_1_222' title='bbox 646 4113 779 4174; x_wconf 86' lang='lat' dir='ltr'>corpore</span> <span class='ocrx_word' id='word_1_223' title='bbox 793 4105 908 4154; x_wconf 78' lang='lat' dir='ltr'>nunno</span> 
     </span>
    </p>
   </div>
   <div class='ocr_carea' id='block_1_5' title="bbox 0 0 1341 4858">
    <p class='ocr_par' dir='ltr' id='par_1_13' title="bbox 0 0 1341 4858">
     <span class='ocr_line' id='line_1_32' title="bbox 0 0 1341 4858; baseline 0 0"><span class='ocrx_word' id='word_1_224' title='bbox 0 0 1341 4858; x_wconf 95' lang='lat' dir='ltr'> </span> 
     </span>
    </p>
   </div>
  </div>
 </body>
</html>
