2676 4860
275 347 346 472 stt.
414 429 416 436 ’
523 457 525 464 .
589 396 1013 468 ANNOTATIONES'

278 576 347 636 deri
369 577 388 634 l.
413 575 433 634 l.
457 593 502 654 gr.
525 586 603 634 tom.
626 549 673 648 Il,
701 593 771 656 pag.
795 573 868 640 586.
911 575 1096 638 Ernestinm
1131 577 1171 638 ad
1189 577 1269 638 Tacit.

269 695 395 776 dunel.
424 693 491 766 111,
522 693 573 756 59.
604 693 645 752 ad
671 691 801 754 Sueten.
833 695 945 755 Claud.
980 715 1048 776 cap.
1071 699 1101 758 9.
1144 697 1271 757 Usitatin

277 829 324 874 est
344 813 492 878 recidere
512 814 548 872 in
569 813 631 872 hoc
653 833 763 886 sensu,
791 829 827 874 ut
849 817 889 875 sit
911 835 965 876 res
987 790 1029 877 eri
1045 817 1164 889 rediit,
1186 838 1219 876 eo
1236 836 1272 874 re·

277 936 378 995 dacto
395 947 459 1024 est,
483 953 580 1014 quam
602 933 773 1006 decidere,
795 933 850 993 sed
871 935 934 994 hoc
957 937 1071 996 eadem
1092 937 1125 995 vi
1147 935 1223 1016 apud
1239 955 1272 994 se·
1315 1013 1318 1020 .

276 1055 374 1114 riores
395 1057 571 1132 scrfitores
594 1053 726 1112 obvium
748 1065 804 1125 est,
824 1074 928 1135 neque
940 1055 1060 1114 idcirco
1075 1054 1271 1140 Iuvenaliadi·

276 1174 441 1234 mendum.
485 1172 587 1234 Tacit.
610 1173 726 1234 Annal.
751 1173 815 1248 ΙΙΙ,
838 1175 888 1238 59.
912 1176 977 1236 huc
994 1161 1157 1235 decidisse
1172 1187 1271 1240 recocta,

277 1306 375 1354 utne
404 1293 535 1354 invenis
558 1295 704 1374 quidem,
736 1307 828 1355 tanto
855 1295 979 1368 honore
1003 1307 1157 1374 accepte,
1187 1295 1270 1354 adiret

276 1413 367 1474 urbis
396 1399 504 1486 Deos,
534 1415 769 1494 ingrederetur
797 1415 969 1507 Senatum,
997 1415 1152 1494 auspicia
1182 1413 1270 1474 saltem

183 1530 185 1535 ⁴
270 1530 402 1614 'gentile
420 1535 510 1616 apud
529 1535 634 1596 solnm
656 1537 832 1616 inciperet,
863 1535 920 1594 ubi
948 1533 1111 1594 Ernestius
1140 1533 1273 1594 recidisse

275 1654 372 1716 scribi
402 1655 546 1728 volebat,
577 1655 662 1736 quod
690 1667 802 1715 tamen
828 1655 896 1736 ipse
923 1655 1020 1714 tacite
1047 1654 1200 1714 refutavit
1225 1653 1273 1712 ani·

232 1803 234 1808 v
274 1774 498 1836 madversione
516 1775 556 1833 nd
577 1773 649 1861 libr.
665 1773 706 1847 Il,
730 1793 798 1854 cap.
814 1776 865 1838 38.
890 1769 929 1832 ad
943 1786 1021 1834 extr.
1038 1771 1171 1833 Sneton.
1185 1771 1274 1833 Claud.

276 1910 345 1976 cap.
369 1895 399 1956 9.
423 1893 469 1952 ad
486 1915 545 1956 eos
558 1895 611 1985 rei
617 1875 803 1976 familiaris
816 1893 957 1966 decidit,
979 1895 1001 1954 i.
1025 1913 1054 1958 e.
1076 1893 1220 1953 redactus
1235 1903 1274 1950 est.

273 2009 348 2073 Plin
370 2013 427 2074 lib.
448 2013 509 2086 IV,
539 1994 628 2096 epist.
653 2017 702 2076 ll.
725 2033 811 2074 nunc
840 2034 879 2076 eo
910 2012 1051 2086 decidit,
1081 2025 1122 2074 ut
1144 2011 1231 2072 exsul
1246 2009 1276 2068 de

217 2153 218 2161 ¹
273 2147 430 2196 senatore
449 2133 567 2229 fleret.
610 2135 683 2196 vid.
713 2117 860 2198 Oudend.
896 2146 928 2194 et
956 2133 1062 2195 Etem.
1092 2131 1136 2192 ad
1168 2132 1274 2192 Sueton.
1313 2105 1317 2118 ⁶

273 2248 386 2312 Claud.
410 2255 430 2312 l.
447 2251 470 2314 l.

357 2404 507 2522 Denique
529 2443 564 2502 in
587 2440 691 2528 verbis
713 2441 772 2500 sed
788 2461 848 2502 nec
861 2441 985 2502 damna
1008 2441 1124 2504 levant
1142 2435 1275 2522 itlterpre·

270 2571 318 2622 tes
348 2559 537 2635 haeserunt,
568 2580 668 2640 eaque
697 2559 875 2642 Rupertus,
906 2562 988 2640 ‘quia
1007 2537 1153 2643 ¹ellipsin
1180 2579 1275 2626 neven

197 2764 199 2768 ,
271 2651 341 2747 aliis
363 2679 531 2760 probatam
555 2679 757 2740 durissimam
779 2680 937 2754 censebat,
959 2683 996 2742 in
1018 2683 1077 2742 sed
1092 2706 1154 2746 nec
1174 2686 1274 2768 damno

205 2812 213 2834 ⁸
272 2799 389 2860 iuvant
405 2799 552 2860 mutavit.
595 2795 696 2860 Recte
718 2801 902 2881 adversatur
923 2803 954 2861 ei
975 2801 1189 2880 Heineckius,
1218 2804 1275 2862 loco

215 2992 218 2998 Ι
270 2938 288 2978 e
311 2918 423 2998 Virgil,
446 2919 524 2980 Aen.
547 2917 604 2978 lib.
627 2917 661 2995 Ι,
684 2939 729 3012 vs'.
753 2921 824 2984 145.
850 2923 920 2987 146.
946 2923 1055 2982 citato:

312 3105 500 3178 Detrudunt
521 3107 611 3168 navis
631 3109 780 3190 scopulo:
803 3109 888 3168 levat
909 3110 978 3190 ipse
999 3107 1135 3170 tridenti

312 3225 354 3286 Et
376 3239 478 3338 vastas
499 3229 604 3310 operit
625 3227 732 3308 Syrtes
754 3241 786 3287 et
807 3241 966 3310 temperat
988 3223 1118 3309 sequor.

269 3417 325 3494 qui
345 3429 464 3488 tamen,
488 3434 588 3494 quum
610 3416 725 3476 eodem
747 3435 838 3478 versu
859 3419 958 3478 navis
974 3418 1169 3493 inveniatur,
1189 3417 1273 3478 idem·

239 3553 328 3614 -qne
356 3533 403 3594 ad
424 3537 589 3614 sequentia
615 3539 793 3616 pertineat,
826 3555 901 3599 cum
929 3537 1041 3612 hocce¹
1061 3537 1231 3612 Iuvenalis,
1258 3555 1273 3594 a

267 3673 328 3734 quo
350 3652 473 3736 patinis
492 3657 537 3718 vs.
561 3658 611 3718 31.
633 3655 817 3742 longissime
840 3627 949 3736 distat,
966 3675 1034 3718 non
1057 3656 1271 3740 comparandus

267 3785 322 3832 est.
365 3773 584 3838 Nihilominus
605 3788 716 3836 tamen
732 3774 850 3837 (lutam¹
869 3775 1005 3838 dixerim
1027 3779 1124 3838 navis
1145 3780 1271 3859 ellipsin:

172 3916 174 3922 ¹
260 3892 492 3964 describuntur
514 3895 603 3956 enim
624 3883 682 3974 per
704 3907 810 3957 totum
831 3895 919 3961 hunc
941 3897 1051 3961 locum
1074 3899 1214 3980 pericula
1228 3913 1272 3955 na·

251 4013 312 4078 ‘vis
338 4011 489 4072 fluctibus
502 4069 504 4080 Α
517 4013 672 4090 testatae,
701 3992 864 4080 adduntur
892 4018 1054 4094 remedia,
1085 4018 1197 4102 quibus
1224 4013 1270 4074 ca·
