2648 4858
90 363 92 376 ¹
138 391 143 423 ι

255 349 356 472 96ι
465 483 468 490 ,
546 398 1018 470 Β.ΙυΝ,ῑυνΕΝΑιΙε

257 574 437 638 Romuleae
457 573 631 638 simulacra
651 575 738 638 ferse
758 597 977 640 mansuescere
998 579 1101 640 iussae

253 695 391 780 'Imperii
412 695 496 772 fato,
517 697 663 778 geminos
685 697 743 758 sub
765 718 845 779 rupe
864 699 1030 778 Quirinos,
1223 694 1285 761 105
1312 734 1316 743 .

241 819 305 879 1Ac
326 816 614 897 nudam.effigiem
636 817 750 898 clypeo
773 817 927 881 venientis
949 833 982 880 et
1003 819 1095 878 hesta

254 933 492 1018 Pendentisque
513 936 578 996 Dei
599 938 742 1016 perituro
764 939 943 1023 ostenderet
964 937 1058 1000 hosti.
1128 941 1131 948 '

255 1058 392 1138 Argenti
406 1045 501 1138 ¹quod
522 1069 611 1128 erat,
631 1057 871 1139 solis‘fudgebat
891 1061 926 1120 'm
948 1061 1054 1122 ermis.

255 1173 426 1240 Ponebant
446 1179 546 1260 igitur
567 1176 673 1238 Tusco
695 1177 816 1240 farrata
838 1180 953 1240 catino.

234 1347 236 1352 .
257 1295 379 1358 Omnia
399 1309 494 1374 tuno,
516 1298 631 1378 quibus
652 1298 813 1372 invideas,
834 1299 860 1358 si
880 1299 1031 1359 lividulus
1052 1299 1104 1360 sis.
1222 1302 1284 1363 110

178 1452 180 1457 ,
256 1413 620 1502 Templorumquoque
642 1414 1006 1500 maiestaspraesentidr
1028 1432 1060 1478 et
1082 1439 1145 1480 vox

159 1563 162 1576 ·
255 1534 359 1598 Nocte
380 1538 448 1600 fere
469 1537 579 1598 media
600 1538 805 1618 mediamque
828 1521 936 1598 audite
957 1555 1016 1619 per
1036 1539 1175 1617 urbem,

255 1655 366 1726 Litore
390 1658 430 1720 ab
454 1659 577 1720 Oceani
599 1657 703 1719 Gallis
726 1631 927 1746 venientibus
949 1670 982 1717 et
1004 1657 1052 1720 dis
1145 1705 1152 1716 .

257 1777 412 1840 Officium
435 1780 513 1839 vatis
534 1765 769 1860 peragentibus,
791 1777 840 1838 his
860 1778 989 1838 monuit
1007 1797 1075 1840 nos.

255 1894 353 1958 Hanc
373 1897 469 1962 rebus
490 1895 591 1958 Latiis
614 1915 725 1960 curam
746 1911 904 1980 praestare
926 1897 1049 1958 solebat
1223 1897 1283 1966 115

257 2015 380 2099 Fictilis
402 2029 435 2076 et
453 2015 547 2078 -nullo
568 2016 705 2078 violatus
727 2018 870 2100 Iuppiter
892 2035 979 2080 arno.

256 2135 320 2198 Illa
341 2137 433 2231 domi
451 2150 542 2198 nates
563 2143 736 2218 nostraque
757 2156 797 2197 ex
818 2137 931 2197 arbore
952 2145 1076 2199 mensas
1159 2186 1163 2200 .

256 2253 422 2339 Tempore
442 2258 609 2320 viderunt:
630 2257 689 2318 hos
711 2258 838 2340 lignum
856 2256 961 2318 stabat
979 2258 1016 2318 in
1038 2275 1128 2334 usus,

249 2377 422 2444 ‘Annosam
443 2377 576 2440 siforte‘
594 2382 715 2436 nucem
737 2376 894 2438 deiecerat
920 2376 1053 2440 Eurus.¹

256 2499 302 2562 At
322 2497 586 2561 nuncdivitibus
609 2495 768 2556 coenandi
788 2497 879 2556 nulla
901 2496 1064 2578 voluptas,
1169 2531 1172 2538 ·
1224 2500 1284 2563 120

257 2617 315 2696 Nil
336 2616 509 2692 rhombus,
530 2617 580 2678 nil
601 2616 697 2678 dama
718 2599 814 2696 sapit:
835 2629 948 2698 putere
969 2617 1121 2683 videntur

257 2736 433 2818 Unguenta
454 2748 549 2818 atque
570 2712 764 2806 menedemos
784 2738 1000 2800 nisisustinet
1021 2739 1113 2805 orbes

257 2853 391 2918 Grande
413 2855 495 2923 ebur
515 2866 548 2916 et
568 2827 686 2938 magno
708 2856 850 2918 sublimis
871 2859 990 2940 pardus
1009 2859 1141 2936 hiatu„

256 2975 417 3058 Dentibus
439 2995 479 3037 ex
499 2977 579 3052 illis,
603 2957 801 3058 quosmittit
821 2993 915 3062 porta
937 2979 1057 3061 Syenes

170 3093 177 3102 ”
255 3097 299 3162 Et
319 3097 430 3164 Mauri
452 3097 572 3160 celeres
594 3111 627 3160 et
649 3098 764 3160 Mauro
786 3099 950 3160 obscurior
970 3085 1087 3176 Indus,
1221 3097 1283 3164 125

252 3218 299 3400 pit
322 3237 399 3300 quos
421 3217 568 3301 deposuit
589 3220 752 3282 Nabataeo
773 3217 869 3281 belua
890 3219 989 3293 saltu,

178 3331 181 3338 ’
276 3359 330 3400 am
352 3339 470 3398 nimios
492 3333 654 3421 capitique
675 3359 790 3420 graves.
834 3339 921 3399 Hinc
942 3341 1044 3420 surgit
1065 3341 1186 3415 orexis,

258 3457 347 3519 Hinc
368 3458 535 3518 stomacho
556 3458 646 3520 bilis:
665 3479 743 3520 nam
761 3479 817 3540 pes
840 3470 1006 3538 argenteus
1024 3459 1103 3537 illis,

257 3579 406 3638 Annulus
427 3579 464 3642 in
485 3577 585 3660 digito
608 3579 694 3660 quod
714 3567 842 3642 ferreus.
886 3576 970 3660 Ergo
992 3579 1170 3660 superbum

259 3699 439 3760 Convivam
461 3705 574 3772 caveo,
596 3699 652 3778 qui
672 3717 726 3758 me
744 3697 806 3758 sibi
827 3710 993 3778 comparat
1014 3711 1046 3758 et
1066 3719 1117 3759 res
1220 3703 1284 3766 180

259 3818 406 3902 Despicit
428 3821 564 3899 exiguas.
608 3818 697 3879 Adeo
715 3817 806 3878 nulla
827 3821 924 3878 uncia
944 3818 1037 3878 nobis

259 3937 316 4000 Est
338 3937 441 4000 eboris
462 3959 523 4000 nec
545 3937 690 4000 tessellae
709 3959 769 4000 nec
791 3938 933 3998 calculus
956 3959 994 3998 ex
1014 3937 1076 4000 hoc

259 4057 414 4122 Materia:
437 4059 515 4141 quin
536 4059 606 4139 ipso
627 4058 796 4122 manubria
818 4059 1024 4144 cultedlorum
