2706 4860
381 428 642 494 snttnn
684 431 756 496 ut

63 603 133 664 irati
152 602 287 666 faciunt.
330 601 477 666 Libertas
499 607 649 688 pauperis
669 603 751 666 haec
779 607 842 668 eet!

62 724 200 784 Pulsatur
217 735 310 804 rogat
330 736 364 783 et
382 725 498 805 pugnis
524 729 668 786 concisus
691 725 819 798 adorat,
935 722 941 734 “
1015 729 1082 793 300

63 845 99 904 Ut
121 845 220 904 liceat
242 843 353 932 paucis
374 863 451 904 cum
471 844 623 906 dentibus
650 846 727 906 inde
748 847 875 906 reverti.
1072 813 1084 934 Χ,

116 964 185 1025 Nec
199 976 312 1024 tamen
324 962 406 1024 haec
419 976 549 1026 tantum
564 977 703 1056 metuas:
724 985 812 1040 nam,
836 964 891 1048 qui
904 966 1021 1046 spoliet
1038 945 1088 1044 te,⁴

62 1085 126 1148 Non
147 1084 268 1155 deerit,
291 1083 407 1144 clausis
421 1083 568 1146 domibus
588 1098 757 1168 postquam
780 1087 885 1148 omnis
896 1084 1018 1168 ubique

62 1203 131 1265 Fixa
151 1185 320 1264 catenatae
337 1203 426 1264 siluit
447 1222 604 1286 compago
627 1201 790 1266 tabernae.
969 1274 971 1282 s

62 1323 222 1384 Interdum
241 1334 274 1384 et
293 1321 379 1384 ferro
396 1321 519 1404 subitus
541 1335 698 1406 grassator
722 1325 788 1406 agit
809 1345 897 1400 rem,
1017 1321 1083 1394 506

64 1445 186 1504 Armato
209 1444 333 1524 quoties
357 1456 447 1504 tutae
469 1443 599 1505 custode
622 1457 776 1506 tenentur
849 1495 863 1504 ,,

66 1563 99 1624 Et
120 1565 273 1626 Pomtina
296 1559 388 1645 palus
417 1578 450 1624 et
475 1563 655 1628 Gallinaria
686 1566 792 1648 pinus.

62 1683 106 1744 Sic
123 1685 202 1746 inde
220 1653 286 1744 huc
307 1703 419 1750 omnes
441 1698 597 1770 tanquam
619 1684 660 1746 ad
681 1686 801 1746 vivaria
823 1697 965 1774 currunt.

14 1779 20 1792 ι
62 1804 125 1883 Qua
142 1803 276 1864 fornace
291 1823 418 1886 graves,
441 1825 508 1886 qua
524 1824 592 1866 non
618 1805 737 1866 incude
762 1805 916 1866 catenae?
1020 1821 1026 1862 ι

61 1925 214 1986 Maximus
226 1925 263 1984 in
282 1925 397 1986 vinclis
411 1923 486 1986 ferri
499 1925 631 1998 modus,
653 1939 691 1984 ut
708 1927 838 2000 timeas,
862 1945 904 1986 ne
1019 1893 1098 1990 010λ

13 2103 15 2116 ,
60 2045 173 2106 Vomer
195 2042 343 2118 deficiat,
365 2065 406 2114 ne
427 2063 554 2106 marrae
576 2058 610 2104 et
623 2047 749 2108 sarcula
764 2047 877 2107 desint.
1094 2014 1099 2024 ι

13 2215 14 2258 ;
61 2165 174 2226 Felices
194 2131 390 2245 proavorum
411 2177 535 2238 atavos,
558 2164 668 2226 felicia
691 2166 777 2226 dicas

61 2285 185 2360 Secula,
215 2304 297 2368 quae
317 2284 483 2366 quondam
505 2285 563 2344 sub
589 2285 717 2366 regibus
741 2295 836 2364 atque
860 2285 996 2346 tribunis

61 2406 215 2466 Videnmt
236 2423 304 2464 uno
327 2416 516 2466 contentam
540 2413 666 2465 carcere
684 2404 834 2464 Romam.
900 2377 903 2386 ⁴

116 2525 176 2586 His
197 2523 275 2586 alias
290 2536 438 2604 poteram
453 2537 486 2584 et
503 2523 611 2604 plures
629 2523 819 2584 subnectere
835 2541 974 2586 caussas:
1018 2523 1084 2592 815

12 2689 14 2730 3
60 2646 117 2707 Sed
135 2648 286 2708 iumenta
307 2656 426 2708 vocent
443 2657 475 2706 et
495 2645 544 2706 sol
565 2645 717 2706 inclinat:
733 2645 885 2710 ¹eundum
906 2660 962 2709 est.
1093 2696 1097 2731 Ι

12 2765 13 2794 ³
60 2767 138 2828 Nam
154 2749 239 2827 mihi
260 2776 425 2826 commota
444 2765 512 2824 iam
535 2763 661 2824 dudum
681 2766 785 2826 mulio
807 2768 895 2846 virga
1092 2736 1094 2744 V

61 2885 191 2947 Adnuit:
213 2904 291 2968 ergo
313 2886 384 2946 vale
403 2886 507 2956 nostri
525 2904 666 2980 mamm,
696 2898 729 2946 et
750 2887 873 2966 quoties
895 2900 929 2946 to

62 3005 159 3068 Roma
179 3019 237 3066 tuo
259 3005 353 3066 refici
373 3019 603 3087 properantem
622 3005 736 3064 reddet
755 3006 899 3084 Aquino,

62 3125 297 3208 Mequoquead
304 3125 480 3186 Helvinam
488 3101 848 3204 Cereremvestramque
858 3123 1001 3182 Dianam
1018 3121 1082 3227 3²1⁰

63 3245 212 3306 Convelle
233 3265 252 3306 a
275 3245 400 3306 cumis:
428 3249 600 3326 satir‘arum
614 3265 688 3327 ego,
711 3246 746 3304 ni
761 3245 860 3326 pudet
878 3243 965 3316 illas,

12 3393 13 3404 ¹
63 3367 193 3430 adiutor
213 3366 336 3447 gelidos
352 3367 480 3428 veniam
499 3343 650 3449 caligatus
664 3367 701 3427 in
721 3350 820 3448 agros.
