2648 4858
181 405 230 470 IN
243 402 824 476 D.1UN.1UVENAussnTfflAM
837 415 894 478 111.
989 419 1052 484 179

42 579 115 660 quod
133 581 224 644 iussis
245 579 480 664 imperatorum
502 587 700 646 contrarium
718 585 768 660 sit,
790 607 851 648 nec
867 589 908 650 ad
925 591 1053 652 victum
1112 660 1115 666 ,
1171 603 1178 626 ’
1230 591 1239 620 ²

40 699 222 762 ludaeorum
244 705 413 783 pertineat.
447 701 548 764 Cuius
562 706 680 764 aceto?
708 703 846 768 Acetum
867 709 951 771 nihil
964 712 1053 772 aliud

41 832 92 894 est,
119 839 155 880 ac
176 822 293 884 vinum
315 824 445 886 acidum
468 839 569 905 aquae
596 827 757 901 mixtum,
787 827 872 908 quod
903 829 1053 910 plebecu·

42 938 83 997 lae
107 953 198 1020 potus
227 955 313 1014 erat,
344 943 491 1024 quodque
521 944 607 1026 apud
634 945 787 1007 Plautum
822 947 893 1008 Mil.
925 949 1053 1029 glorios.

42 1071 93 1121 aet.
113 1059 176 1134 III,
198 1075 241 1121 sc.
265 1060 315 1135 ΙΙ,
346 1081 387 1124 vs.
402 1065 461 1127 ³23.
485 1053 605 1144 poica,
635 1079 667 1125 et
689 1069 724 1126 in
746 1068 913 1149 evangelio
935 1067 1054 1130 Matth.

42 1172 128 1252 XXV,
151 1199 193 1240 vs.
220 1183 273 1246 48.
299 1176 385 1254 ὄξος
405 1186 602 1245 nominatur.
625 1185 688 1244 vid.
704 1185 751 1247 ibi
763 1187 857 1248 Pauli
880 1175 1053 1248 comment.

43 1307 61 1354 t.
80 1296 138 1371 111,
167 1319 200 1379 p.
228 1296 302 1364 771.
350 1299 450 1362 Cuius
477 1303 596 1364 conche
629 1305 757 1366 trames?
801 1307 940 1368 Conchis
963 1307 1056 1368 fabae

46 1433 146 1495 genus,
169 1419 258 1500 quod
279 1419 462 1480 Athenaeus
484 1410 619 1497 libslv,
642 1443 668 1484 c.
694 1427 743 1492 16.
765 1427 852 1486 iuter
872 1425 999 1487 viliores
1013 1427 1056 1487 ci·
1180 1429 1183 1441 '

47 1533 92 1595 los
111 1539 219 1636 ponit,
244 1541 399 1620 cuiusque
419 1539 492 1602 libr.
515 1537 563 1615 ΙΙ,
586 1541 728 1616 Samuel.
753 1565 782 1610 c.
804 1543 913 1621 XVII,
937 1547 1056 1642 41128,

46 1655 127 1718 sicuti
147 1657 398 1740 deniqueporri
418 1659 492 1722 libr.
510 1647 561 1722 ΙΙΙ
581 1663 662 1724 Mos.
687 1684 713 1725 c.
736 1663 813 1740 XV,
846 1681 891 1728 vs.
914 1662 944 1729 6.
967 1683 1057 1726 men-

46 1775 83 1834 tio
102 1775 148 1844 fit.
193 1778 234 1840 cf.
259 1775 522 1843 Chateaubriand
543 1769 614 1845 itin.
637 1795 662 1846 t.
685 1781 735 1859 II,
756 1803 788 1866 p.
814 1785 887 1849 146.

1060 2051 1069 2094 1

132 1961 137 1976 “
269 1984 645 2092 ‚sturni
694 1969 827 2070 ru'

261 2126 265 2138 ’
449 2125 653 2190 vsa-c
743 2198 746 2208 ¹

121 2250 192 2319 Hoc
214 2245 290 2322 loco
313 2255 468 2342 Crispini,
498 2277 595 2342 quem
616 2273 712 2342 poeta
732 2255 797 2324 Sat.
818 2255 852 2333 I,
880 2277 924 2322 vs.
954 2265 996 2327 26
1016 2285 1062 2346 sq.

51 2383 82 2431 nt
98 2381 325 2442 mollissimum
347 2377 515 2442 hominem
543 2377 706 2455 describit,
735 2379 885 2474 libidines
914 2394 946 2442 et
974 2383 1063 2444 forti·
1144 2429 1148 2437 .

53 2495 120 2556 tudo
140 2499 177 2560 in
197 2517 234 2563 re
256 2497 395 2560 venerea
414 2511 586 2561 notanturt
634 2473 656 2485 ἰ
757 2587 759 2596 y
953 2471 957 2492 Ι

347 2634 529 2684 monstrum
550 2615 643 2681 nulla
664 2620 783 2685 virtute
802 2617 988 2682 redemtum

22 2807 27 2826 ι
87 2735 237 2816 Avitiis,
260 2755 353 2821 aeger
374 2741 503 2822 solaque
525 2717 790 2823 libidinelfortis:

87 2852 226 2922 Delicias
248 2859 365 2922 viduae
386 2872 516 2921 tantum
538 2874 726 2942 aspernatur
748 2859 884 2939 adulter.
1050 2941 1052 2946 Ι

54 2965 134 3037 Haec
154 2980 273 3043 ultima
300 2979 399 3042 verba
421 2981 507 3042 varie
536 2977 580 3042 atr
604 2975 833 3060 interpretibus
856 2981 1068 3060 explicantur,
1133 3059 1137 3080 ι

54 3105 113 3155 non
133 3095 267 3162 inventa
286 3111 398 3160 tamen
420 3098 460 3160 ab
482 3099 553 3160 ullo‘
573 3113 649 3160 vera
667 3099 788 3186 satirici
808 3112 922 3179 poetae
944 3107 1069 3158 senten·

55 3211 104 3271 lit·
152 3206 302 3301 Vulgarit
329 3233 362 3280 et
399 3213 537 3302 probata
570 3219 729 3301 plerisque
756 3211 994 3299 interpretatio,
1031 3237 1069 3276 ex

56 3346 111 3407 qua
132 3335 296 3420 Crispinus
317 3312 398 3401 solas
420 3353 561 3402 sectatur
573 3351 703 3422 nuptas,
724 3337 779 3400 sed
791 3339 961 3400 viduarum
983 3351 1071 3398 amo*

56 3461 135 3528 rem,
157 3473 200 3518 ne
222 3455 258 3520 id
279 3457 363 3520 lucri
385 3473 479 3520 causa
500 3459 606 3520 facere
628 3457 789 3535 videatur,
813 3455 1010 3530 contemnit,
1033 3475 1072 3516 eo

57 3563 175 3636 laborat
204 3575 430 3654 vehementer,
466 3579 552 3660 quod
579 3593 618 3640 ex
645 3575 707 3641 ista
734 3579 908 3640 verborum
937 3575 1073 3657 explica·

59 3685 140 3752 tione
160 3715 229 3758 non
250 3697 369 3771 elucet,
393 3699 429 3758 in
452 3713 514 3780 qua
535 3713 571 3759 re
594 3699 734 3782 Crispini
754 3693 927 3760 libidinosa
948 3693 1074 3755 fortitu-

59 3802 96 3864 do
118 3829 273 3878 cernatur.
307 3813 446 3900 Spernit,
467 3831 504 3878 ut
516 3829 606 3899 puto,
629 3809 739 3878 viduas
758 3815 891 3918 idcirco,
914 3817 997 3896 quia,
1018 3833 1075 3874 ne-

60 3927 141 3990 mine
172 3933 346 4012 obstante,
364 3954 417 3998 eas
446 3935 601 3998 facillime
630 3937 718 3997 adire
746 3935 862 4016 possit,
893 3933 978 4014 quod
1000 3951 1075 3992 vero
1172 3959 1174 3964 ·

60 4040 117 4122 ipsi
134 4069 236 4135 neque
256 4057 453 4132 iucundum,
481 4071 585 4137 neque
607 4053 782 4136 gloriosum
803 4053 947 4126 videtur,
976 4067 1076 4130 qutun
1158 4061 1160 4072 '
1206 4097 1217 4118 ,

795 4174 871 4236 12·
