2642 4850
165 413 276 478 IND.
299 409 387 477 IUN.
397 410 928 496 mvnntttsstttatmvt.
991 413 1057 484 267

35 631 38 640 .
117 585 161 648 In
179 571 313 650 ultimo.
318 585 438 650 horum
458 605 608 648 versuum
630 537 768 650 Guiotur
780 599 983 672 rmtumpro
1005 602 1055 652 ta

39 727 105 768 men
121 708 278 782 coniecit,
298 693 451 788 idemque
470 707 632 787 Rupertua
654 706 827 788 appetivit,
849 725 886 768 ao
904 708 1001 788 simul
1015 727 1053 771 eo

37 827 183 907 processit
214 827 382 901 audaciae,
410 840 449 888 ut
475 827 573 888 nullia
601 825 779 890 rationibus
810 825 922 888 ductus
948 840 1055 890 totum

36 966 156 1006 versum
186 927 226 1006 ab
256 947 487 1028 interpolatore
516 946 699 1068 profectum
730 947 940 1008 existimarat:
971 947 1056 1028 quod

2 1089 3 1102 ι
36 1078 141 1162 tamen
162 1067 338 1142 iudicium,
370 1079 408 1126 ut
429 1067 539 1141 video,
567 1067 604 1126 in
633 1055 805 1128 novissima
827 1067 997 1128 editione
987 1087 1056 1148 rpse

34 1188 149 1250 reiecit.
201 1185 310 1252 Etiam
336 1185 482 1250 Iaoobaio
518 1187 560 1254 ad
586 1186 760 1270 Antbolog.
799 1185 856 1248 Gr.
895 1187 966 1248 Vol.
995 1187 1056 1264 111,

33 1326 60 1386 p.
87 1310 125 1382 2,
155 1295 189 1388 p.
224 1310 254 1372 8.
283 1307 443 1387 particula
471 1323 583 1372 tomen
613 1305 705 1366 valde
741 1305 905 1406 displicuit
932 1309 1055 1370 dicens:

33 1425 127 1488 Seusu
157 1426 308 1487 vocabuli
340 1427 454 1488 audax
475 1419 614 1508 θερμὸν
640 1428 807 1508 usurpavit
827 1427 1056 1510 Aristophaneo

2 1617 6 1628 υ
33 1545 112 1606 Plut.
125 1544 200 1610 415.
224 1535 404 1626 ὦὲιερμὸν
417 1542 527 1625 ἔργον
538 1541 730 1628 κ’ᾳνόσιον
743 1541 809 1608 και
822 1530 1055 1638 παράιὶρμογ.

34 1666 86 1728 ubi
106 1667 174 1728 vid.
195 1663 334 1748 Bergler.
350 1679 397 1734 at
420 1665 461 1726 ad
483 1665 578 1746 Veap.
606 1667 679 1728 922.
724 1665 844 1728 Nautes
867 1667 978 1728 omnia
1000 1686 1056 1726 au·

33 1785 147 1846 dentes·
162 1782 324 1865 θερμοὺς
353 1785 494 1867 appellat
520 1784 668 1866 Aeschyl.
691 1783 771 1860 VII,
800 1805 827 1848 o.
850 1785 953 1856 Theb.
976 1787 1052 1850 610.

29 1899 257 1992 ιερμρυργόι
288 1904 377 1965 idem
402 1905 538 1966 Eumen.
569 1903 642 1968 563.
679 1899 858 1996 πολέμιονἱι
896 1919 929 1966 et
967 1901 1053 1999 doto,-

29 2020 250 2107 2ερμόιερον
273 2019 388 2104 ἔργον
404 2025 510 2086 iunxit
531 2025 687 2102 Herodot.
709 2017 772 2100 VI,
803 2027 863 2100 88,
884 1997 958 2108 pag.
980 2021 1055 2088 454.

30 2137 247 2223 ἀ9έρματον.
264 2141 506 2222 ᾰὲράσυντον.
530 2143 637 2204 Schol.
649 2143 797 2226 Aeschyl.
821 2113 968 2228 Choeph.
980 2147 1055 2208 627.

30 2261 83 2322 Cal
84 2261 141 2323 ida
173 2263 305 2324 consilia
333 2274 408 2322 sunt
436 2281 485 2344 ap.
521 2262 623 2324 Cicer.
646 2263 701 2330 off
723 2263 756 2338 Ι,
785 2265 840 2344 24.
869 2277 902 2326 et
922 2223 1054 2326 fortasse

28 2381 112 2462 apud
133 2381 246 2443 Iuven.
268 2349 332 2444 Sat.
355 2380 420 2457 VI,
442 2381 516 2446 689.
557 2381 650 2458 Feci,
681 2381 869 2460 Confiteor,
882 2384 1053 2466 puerisque

28 2502 155 2566 aconita
175 2503 302 2584 paravi,
325 2501 417 2582 Quae
439 2478 595 2582 deprensa
615 2515 744 2584 patent;
766 2503 890 2568 facinus
910 2503 1055 2566 calidum

28 2622 95 2703 ipsa
118 2623 237 2704 peregi.
281 2621 387 2717 Vulgo
410 2635 538 2698 tamen,
562 2623 647 2703 quod
667 2623 704 2683 in
725 2585 782 2684 illo
806 2637 959 2686 contextu
979 2625 1055 2708 nul-

27 2742 93 2804 lam
112 2743 180 2804 vim
201 2741 310 2804 habet.
355 2733 592 2804 Obversabatur
613 2755 732 2816 autem,
755 2742 840 2823 quod
862 2745 966 2810 obiter
982 2711 1053 2808 mo·

25 2862 186 2937 nendum,
214 2863 342 2924 satirico
375 2861 535 2956 Rompno·
554 2861 827 2960 qutpemnertraa
855 2865 1051 2948 Aeschyleae

23 2983 132 3064 imago
154 2984 191 3043 in
211 2983 378 3064 Agamem.
400 2985 538 3052 v21878.
562 2976 660 3074 odra
675 2979 870 3061 o't'npata,
892 2979 957 3050 nal
972 2981 1055 3050 τάδ’

26 3089 94 3164 οὐκ
124 3097 373 3183 ἄρνήσομαι.“
416 3099 508 3181 Quae
537 3095 619 3161 licet'
642 3102 767 3182 egregie
797 3099 950 3164 adnotata
976 3103 1050 3177 sint,

24 3234 138 3282 tamen
158 3219 248 3280 haud
268 3221 446 3284 necessaria
466 3201 603 3296 ιιιιιιιιι,
625 3221 720 3282 sicuti
741 3215 841 3281 etiam
861 3193 913 3284 illi
934 3219 1069 3282 duum»
1160 3299 1162 3311 Ι

24 3343 84 3402 viri
106 3356 213 3422 neque
234 3340 301 3400 vim
323 3341 505 3415 verborum,
527 3345 631 3422 deque
652 3319 829 3402 sententiae
853 3339 1049 3424 elegantiam

24 3474 54 3520 et
77 3461 271 3542 gravitatem
290 3461 364 3522 satio
387 3473 552 3542 cepenmt.
598 3459 762 3524 Vocabulo
772 3460 916 3548 farina&
930 3479 1050 3565 magna

22 3583 67 3642 via
91 3581 193 3654 ineat,
223 3599 304 3659 quae
318 3582 447 3662 optime
467 3561 711 3665 pronuntiando
731 3583 936 3665 exprimitur,
968 3591 1000 3641 at
1021 3579 1049 3642 ai
1175 3584 1177 3592 '

22 3701 203 3782 particula
212 3711 322 3761 tamen
349 3716 425 3761 oum
446 3699 649 3764 substantioe
678 3703 853 3766 manatione
875 3695 1074 3762 coniuncta*

21 3813 206 3894 irretit,.de
227 3821 260 3882 vi
281 3819 443 3891 suanibil
463 3823 599 3899 amittet.
642 3821 731 3904 Ipso,
752 3833 789 3884 ut
809 3814 1048 3904 aretenta-
1103 3861 1107 3869 st

21 3940 150 4012 τικῶς,
171 3940 195 4000 ι.
217 3957 245 4001 e.
266 3959 341 4002 mea
363 3916 492 4006 marm..
515 3941 564 4002 Ex
584 3940 646 4004 bae
668 3939 883 4021 explicatione.
901 3921 970 4004 non
991 3959 1048 4020 po-

23 4061 88 4121 tuit
109 4058 272 4122 Iuvenalia
293 4059 420 4144 movim
447 4059 625 4128 dewribere
648 4057 784 4126 Pontiae
812 4055 1049 4126 nummatam.

798 4181 842 4246 17
960 4221 963 4228 ›

878 4407 914 4425 ’ψ
1032 4421 1069 4438 J
