2706 4860
340 601 366 674 s
392 603 424 674 a
450 560 484 676 T'
509 605 529 676 1
555 603 647 676 aa
698 607 785 684 111.

117 755 273 840 Quamvis
285 757 438 840 digressu
458 759 574 820 veteris
599 757 745 823 confusus
768 759 879 837 amici,

59 880 159 940 Laudo
182 891 313 952 tamen,
336 880 444 940 vacuis
466 879 551 960 quod
572 879 680 942 sedem
702 879 800 962 figere
817 855 934 948 ,Gumis

59 1002 318 1080 Destinetoatque
342 1019 445 1060 unum
468 1001 571 1062 civem
595 1001 713 1063 donare
735 1003 886 1086 Sibyllae.

60 1121 152 1182 lanua
173 1121 327 1182 Baiarum
350 1133 396 1180 est
418 1133 450 1180 et
472 1133 599 1204 gratum
621 1123 695 1183 litus
719 1127 848 1185 amoeni
902 1105 904 1114 ’

59 1241 203 1302 Secessus.
247 1241 316 1322 Ego
340 1241 391 1301 vel
411 1241 607 1324 Prochytam
629 1251 791 1324 praepono
811 1241 965 1318 Suburae.
1036 1239 1075 1308 ’Ἢ
1142 1324 1144 1332 y

59 1359 233 1444 Naquuid
255 1375 324 1423 tam
347 1363 514 1437 miserum,
537 1373 607 1422 tam
627 1357 906 1440 solum‘vidimus,
927 1377 965 1424 ut
986 1383 1070 1459 non'

61 1483 201 1545 Deterior
224 1481 334 1544 credas
354 1481 485 1544 horrere
506 1483 673 1557 incendia,
695 1483 801 1564 lapsus

63 1600 226 1662 Tectorum
248 1601 388 1684 assiduos
410 1623 447 1664 ac
469 1603 560 1665 mille
583 1603 728 1685 pericula
748 1621 860 1664 saevae

63 1721 148 1782 Urbis
170 1735 202 1782 et
223 1723 368 1804 Augusto
389 1723 559 1785 recitantes
581 1737 691 1784 mense
714 1723 846 1804 poetas?

12 1831 13 1834 '
62 1839 116 1902 Sed
137 1843 214 1903 dum
234 1856 304 1904 tota
326 1843 439 1904 domus
461 1841 789 1924 rheda'componitur
809 1860 891 1915 una,
1035 1845 1076 1908 10

62 1959 197 2023 Substitit
220 1963 261 2024 ad
281 1969 405 2024 veteres
428 1983 518 2024 arcus
539 1963 767 2044 madidamque
791 1948 966 2044 Capenam.

64 2081 132 2156 llic,
151 2083 209 2144 ubi
230 2095 409 2166 nocturnae
433 2051 542 2146 Numa
565 2063 780 2144 cbnstituebat
803 2083 947 2156 amicae,

70 2199 146 2261 Nunc
166 2207 249 2265 sacri
274 2204 368 2264 fontis
390 2225 504 2264 nemus
526 2218 558 2264 et
582 2203 717 2265 delubra
738 2205 888 2263 locantur

77 2317 195 2398 ludaeis,
219 2344 357 2406 quorum
380 2325 536 2406 cophinus
557 2323 732 2404 fenumque
754 2321 914 2404 supellex,

71 2440 178 2514 (Omnis
201 2446 291 2505 enim
313 2445 432 2528 populo
454 2445 639 2504 mercedem
660 2433 801 2525 penddre
823 2441 907 2502 iussa
929 2451 975 2501 est
1036 2435 1077 2504 15

67 2561 158 2624 Arbor
180 2576 211 2624 et
233 2567 342 2626 eiectis
363 2565 528 2626 mendicat
549 2567 627 2626 silva
651 2563 810 2641 Camenis)

65 2681 232 2746 Inuallem
255 2685 389 2768 Egeriae
413 2683 632 2746 descendimus
660 2695 694 2745 'et
714 2685 881 2766 speluncas

65 2802 230 2866 Dissimiles
251 2807 344 2868 veris.
389 2805 518 2886 Quanto
541 2791 752 2888 praestantius
774 2817 854 2864 esset
951 2847 958 2862 ,

65 2922 185 2986 Numen
207 2946 323 3007 aquae,
344 2923 440 2986 viridi
462 2927 488 2986 si
509 2927 654 3007 margine
678 2924 842 2986 clauderet
862 2921 963 2984 undas
1054 2907 1057 2920 ⁴
1153 2914 1155 2922 ’

64 3043 181 3121 Herba,
203 3065 265 3106 nec
286 3047 467 3127 ingenuum
486 3015 646 3106 violarent
667 3065 830 3106 marmora
852 3039 1011 3124 tophum?
1035 3043 1078 3104 20

64 3163 120 3227 Hic
141 3181 220 3228 tunc
233 3165 430 3226 Umbricius:
455 3165 591 3246 Quando
611 3163 755 3246 aitibus,
776 3163 891 3242 inquit,
913 3161 1054 3222 honestis

64 3287 172 3348 Nullus
193 3289 230 3348 in
250 3285 331 3348 urbe
352 3287 458 3360 locus,
480 3285 573 3346 nulla
594 3285 815 3344 emolumenta
835 3281 1002 3355 laborum,

63 3406 119 3468 lles
140 3405 239 3469 hodie
261 3411 446 3481 minor'est,
469 3407 546 3468 here
569 3425 666 3486 quam
679 3403 750 3478 fuit,
773 3402 994 3484 etqueeadem
1009 3417 1077 3460 cras

63 3526 193 3589 Deteret
215 3531 336 3611 exiguis
359 3527 493 3608 aliquid:
515 3527 724 3608 proponimus
745 3525 824 3604 illu'c

63 3647 123 3724 Ire,
145 3649 292 3731 fatigatas
315 3647 372 3709 ubi
393 3647 555 3719 Daedalus
578 3649 666 3706 exuit
689 3645 761 3706 alas.
1033 3635 1076 3704 25

65 3761 149 3830 Dum
170 3789 254 3831 nova
277 3771 425 3839 canities,
449 3753 527 3828 durii
549 3769 654 3848 prima
676 3777 707 3826 et
729 3778 817 3826 recta
838 3773 995 3834 senectus,

65 3886 149 3949 Dum
169 3881 309 3972 ru'perest
330 3889 478 3962 Lachesi,
502 3887 763 3968 quod'torqueat,
785 3881 969 3963 etpedibus
990 3899 1044 3940 me
1168 3929 1170 3932 .

64 4005 155 4068 Porto
176 4011 269 4084 meis,
290 4009 382 4070 nullo
405 4007 550 4069 dextram
571 4007 727 4068 subeunte
748 3999 884 4076 bacillo,
