2706 4860
417 53 559 132 's

361 369 788 444 statuamus
879 404 882 426 ι
1001 348 1068 454 'aa

25 549 196 612 Miscuit:
216 549 254 612 in
273 567 368 612 scena
387 567 565 632 numquam
587 553 727 612 cantavit
748 553 887 617 Orestes:
976 565 989 576 ''
1002 557 1069 624 220

45 671 167 732 Troica
187 689 256 732 non
277 671 409 752 scripsit.
451 669 539 750 Quid
559 673 648 732 enim
668 671 838 754 Verginius
859 669 955 737 armis
978 693 982 702 ·

44 791 171 853 Debuit
192 791 304 852 ulcisci
324 792 438 872 magis,
458 803 513 852 aut
536 808 610 852 cum
632 792 768 857 Vindice
792 794 919 856 Galba?
975 833 978 842 ·

47 911 136 990 Quid
157 911 245 972 Nero
266 924 334 970 tam
355 929 448 972 saeva
469 910 627 994 crudaque
649 915 819 994 tyrannide
842 915 938 976 fecit?
958 934 969 962 ’τ
1053 939 1056 946 ·

44 1032 137 1092 Haec
161 1051 260 1114 opera
284 1034 377 1112 atque
398 1029 459 1092 hae
481 1046 554 1094 sunt
576 1036 719 1113 generosi
740 1029 895 1119 principis
918 1049 1010 1114 artes,

47 1151 228 1212 Gaudentis
249 1151 344 1212 foedo
366 1153 531 1232 peregrina
553 1147 734 1236 'adpulpita
751 1157 834 1217 saltu
975 1133 1069 1222 '226
1174 1161 1178 1174 ⁴
1293 1129 1298 1146 ἱ

46 1269 201 1332 Prostitui
224 1269 402 1352 Graiaeque
424 1275 534 1354 apium
555 1274 706 1334 meruisse
729 1271 877 1340 coronae.

49 1391 213 1452 Maiorum
235 1391 353 1472 effigies
372 1391 515 1452 babeant
535 1393 672 1474 insignia
693 1397 793 1472 vocis,

53 1511 131 1572 Ante
152 1511 252 1595 pedes
274 1489 400 1574 Domiti
420 1513 554 1594 longum
574 1526 612 1573 tu
632 1533 716 1594 pone
737 1495 899 1596 ssyestae

43 1629 161 1712 ¹Synna
183 1632 237 1692 vel
257 1633 434 1714 Antigonae
456 1651 513 1694 seu
533 1646 705 1715 personam
725 1635 938 1722 Menalippes,
1052 1633 1057 1648 '

49 1751 91 1812 Et
111 1753 149 1814 de
171 1771 353 1814 marmoreo
376 1753 532 1814 citharam
553 1754 709 1836 suspende
732 1757 862 1819 colosso.
949 1727 953 1739 s
1002 1759 1069 1824 230

53 1872 150 1952 Quid,
174 1873 333 1947 Catilina,
353 1874 416 1934 tatis
437 1873 597 1934 natalibus
619 1881 714 1955 atque
737 1875 872 1959 Cethegi
975 1873 978 1880 ’

52 1991 195 2054 Inveniet
217 1993 383 2074 quisquam
403 1991 588 2054 sublimius?
616 2015 705 2056 arma
723 2008 837 2057 tamen
858 2017 913 2058 vos
997 2037 998 2044 κ

42 2089 213 2174 bocauna
235 2127 268 2174 et
282 2102 434 2176 (flammas
456 2113 603 2174 domibus
624 2116 815 2196 templisque
836 2119 985 2198 parastis,

52 2231 94 2292 Ut
114 2235 324 2296 bracatorum
345 2237 439 2318 pueri
459 2230 685 2312 Senonumque
707 2236 863 2311 minores,
900 2203 910 2240 ²
930 2255 948 2288 v
974 2236 977 2249 ‘

52 2353 141 2430 ilani,
165 2354 250 2437 quod
271 2355 367 2418 liceat
386 2355 498 2416 tunica
519 2354 634 2434 punire
655 2353 799 2414 molesta.
842 2421 870 2439 1,
1003 2353 1068 2422 235

54 2472 111 2535 Sed
132 2477 244 2558 vigilat
266 2477 376 2536 consul
397 2473 576 2554 vexillaque
598 2483 700 2532 vestra
728 2475 885 2538 coercet)
937 2446 940 2464 ,

54 2591 112 2654 Hic
132 2615 236 2656 novus
256 2595 406 2676 Arpinas,
427 2591 576 2676 ignobilis
599 2589 749 2653 et'modo
771 2593 895 2655 Romae
926 2593 965 2646 ’κ

54 2711 257 2797 Municipalis
279 2735 372 2795 eques
392 2715 554 2796 galeatum
574 2715 667 2794 ponit
686 2714 806 2794 ubique
851 2743 853 2750 ·

54 2830 246 2896 Praesidium
267 2835 408 2896 attonitis
436 2835 525 2896 etin
546 2835 637 2895 omni
657 2841 752 2914 gente
776 2833 912 2898 laborat.
1098 2919 1103 2929 Ι

55 2949 192 3014 Tantum
213 2957 310 3036 igitur
330 2973 436 3014 muros
457 2955 543 3014 intra
563 2967 639 3036 toga
661 2955 798 3014 contulit
818 2955 870 3015 illi
931 3001 933 3008 .
973 2955 1067 3022 ΙΙ240

55 3069 195 3136 Nominis
217 3088 249 3136 et
268 3075 374 3149 tituli,
397 3087 554 3157 quantum
574 3048 643 3135 noia
663 3070 829 3147 Leucade,
853 3073 1010 3160 quantum
1058 3092 1064 3109 ¹

56 3188 232 3256 lbessaliae
254 3197 371 3277 campis
394 3196 545 3256 Octavius
567 3193 698 3256 abstulit
719 3193 784 3254 udo

58 3313 208 3377 Caedibus
227 3315 355 3376 assiduis
378 3316 493 3397 gladio.
525 3313 588 3376 Sed
609 3293 912 3396 Roma‘parentem,

58 3433 154 3497 Roma
171 3449 295 3518 patrem
322 3438 443 3516 patriae
466 3436 657 3496 Ciceronem
678 3435 780 3500 libera
802 3436 891 3498 dixit.
997 3451 999 3457 '
1094 3415 1096 3432 Ι
1124 3499 1127 3506 ,

57 3541 182 3638 ‘Arpinas
204 3556 282 3616 alius
303 3553 493 3616 Volscorum
513 3557 549 3616 in
570 3569 681 3618 monte
702 3555 825 3616 solebat
996 3525 1063 3620 2ss

57 3673 180 3736 Posceae
198 3676 358 3736 mercedes
381 3677 484 3737 alieno
507 3678 603 3738 lassus
625 3664 745 3751 aratro,
1028 3663 1030 3670 ’

59 3791 210 3856 Nodosam
231 3809 300 3879 post
321 3794 402 3858 haec
422 3797 588 3880 frangebat
607 3783 735 3857 uertice*
749 3797 859 3868 vitem,

58 3909 206 3978 silemus
227 3919 317 4000 pigra
337 3917 480 3978 muniret
501 3931 601 3980 castra
623 3916 763 3978 dolabra.

57 4021 242 4104 luctamen
262 4051 295 4099 et
317 4033 464 4102 Cimbros
485 4050 518 4098 et
537 4057 664 4101 summa
684 4035 830 4148 ppricula
849 4051 957 4096 rerum
