2648 4858
301 453 621 522 'SA'TIRA
663 459 703 527 x.
999 467 1043 533 89

42 634 180 714 Coeperat
201 631 337 692 audaces
358 631 447 692 Paria
469 631 639 694 aedificare
662 633 800 700 cariam
826 653 830 660 “
857 631 860 638 “
944 631 950 640 ’

41 753 134 834 Longa
155 751 220 812 dies
240 752 340 832 igitur
360 751 437 832 quid
458 753 617 816 contulit?
638 753 750 815 omnia
772 752 852 816 vidit
889 791 891 796 ·
978 753 1043 824 266

40 873 154 945 Eversa,
176 883 208 932 et
228 869 367 934 flammis
387 873 496 956 Asiam
516 873 665 954 ferroque
688 873 868 938 cadentem.

40 993 118 1052 Tunc
130 991 232 1052 miles
251 991 408 1077 tremulus
429 995 533 1074 posita
552 993 630 1053 tulit
653 1011 744 1054 arma
764 981 846 1055 tiara

38 1113 70 1172 Et
87 1113 150 1172 ruit
171 1123 245 1173 ante
268 1113 495 1172 aram'cummi
516 1112 615 1187 Iovis,
632 1125 675 1174 ut
695 1114 820 1174 vetulus
841 1111 914 1192 boo,

41 1232 92 1310 Qui
113 1232 236 1292 domini
257 1233 367 1292 cultris
387 1245 486 1300 tenue
508 1245 540 1291 et
561 1233 743 1294 miserabile
767 1233 889 1294 collum

39 1352 172 1424 Praebet,
197 1349 238 1410 ab
257 1353 383 1432 ingrato
404 1355 471 1414 iam
492 1352 650 1412 fastiditus
673 1331 789 1419 aratro.
976 1355 1043 1421 270
1126 1385 1133 1406 κ

41 1471 131 1532 Exitus
151 1469 207 1532 ille
230 1485 393 1559 utcunque
416 1473 572 1534 hominis:
595 1473 651 1534 ced
671 1485 762 1536 torva
786 1459 901 1534 canino

41 1591 163 1655 Latravit
183 1593 279 1664 rictu,
301 1613 381 1671 quae
402 1593 580 1673 posthunc
603 1595 733 1670 vixerat,
755 1613 846 1658 uxor.

39 1711 147 1772 Festino
171 1713 212 1773 ad
235 1725 375 1785 nostroe,
399 1717 431 1772 et
451 1733 560 1794 regem
580 1727 707 1774 transeo
728 1713 825 1774 Ponti
867 1786 878 1802 x

38 1829 71 1888 Et
89 1831 254 1891 Croesum:
277 1851 372 1914 quem
395 1853 456 1892 vox
476 1835 552 1894 iusti
575 1833 714 1922 facunda
733 1833 859 1921 Solonis
876 1865 899 1888 .·
940 1809 945 1822 ’

38 1949 190 2032 Respicere
213 1952 254 2012 ad
275 1952 390 2032 longae
410 1954 501 2014 iussit
522 1956 624 2035 spatia
645 1955 763 2014 ultima
783 1955 894 2025 vitae„
976 1951 1041 2028 275

38 2070 175 2138 Exsilium
196 2085 230 2132 et
252 2091 360 2132 carcer
380 2071 685 2153 Minturnarumque
706 2073 839 2154 paludes

36 2189 70 2249 Et
87 2194 281 2254 mendicatus
303 2194 389 2254 victa
411 2193 606 2272 Carthagine
629 2193 719 2273 penis

36 2310 107 2372 Hinc
128 2331 235 2372 causas
257 2311 408 2376 habuere.
453 2311 541 2390 Quid
561 2311 619 2370 illo
643 2313 712 2372 cive
733 2311 857 2372 tulisset

35 2427 141 2492 Natura
162 2433 327 2507 interris,
351 2431 428 2513 quid
448 2431 554 2491 Roma
576 2429 701 2492 beatius
716 2425 881 2510 unquam,
928 2415 941 2518 v*

35 2549 62 2610 st
82 2552 296 2612 circumducto
319 2529 521 2632 captivorum
535 2551 663 2632 agmine
681 2561 714 2608 et
735 2549 827 2610 omni
978 2552 1044 2616 280

35 2671 183 2732 Bellorum
205 2691 340 2754 pompa,
363 2673 506 2732 animam
529 2669 707 2731 exhalasset
729 2671 888 2752 opimam,

36 2789 131 2869 Quum
152 2779 192 2852 do
214 2789 393 2854 Teutonico
415 2792 514 2854 vellet
527 2791 726 2859 ‚descendere
749 2792 867 2854 currat

34 2911 156 2975 Provida
176 2912 331 2992 Pompeio
353 2911 485 2971 dederat
507 2911 685 2992 Campania
704 2910 809 2971 febres'
883 2937 885 2942 ·

35 3032 199 3118 Optandae:
227 3031 283 3092 sed
305 3032 429 3090 multae
449 3032 544 3092 urbes
566 3045 599 3090 et
619 3031 751 3112 publica
771 3043 847 3092 vota

34 3151 191 3214 Vlcerunt:
214 3154 312 3233 igitur
332 3151 461 3212 fortuna
482 3153 580 3233 ipsius
603 3164 635 3210 et
659 3150 747 3210 urbia
978 3146 1042 3214 285

34 3270 188 3346 Servatum
210 3274 295 3334 victo
319 3285 414 3354 caput
435 3271 577 3344 abstulit,
619 3269 695 3332 Hoc
715 3269 860 3330 cruciatu

34 3389 194 3469 Lentulur,
216 3394 277 3454 hac
299 3413 405 3474 poena
426 3392 530 3452 cartrit
552 3391 731 3472 ceciditque
754 3389 913 3472 Cethegur
941 3439 947 3448 .

35 3511 163 3596 Integer,
185 3527 221 3574 et
239 3515 339 3574 iacuit
362 3513 502 3573 Catilina
524 3512 678 3574 cadavere
701 3524 780 3572 toto.

85 3635 232 3698 Formam
256 3645 347 3714 optat
367 3629 496 3692 modico
518 3633 644 3714 puer-is,
666 3633 789 3695 maiore
810 3629 927 3711 puellis

32 3751 196 3830 Murmure,
218 3771 321 3835 quum
330 3749 462 3812 Veneris
475 3750 589 3817 fanum
603 3749 690 3811 videt
704 3751 799 3830 anxia
819 3761 934 3825 mater,
970 3747 1042 3822 ¹290

33 3869 127 3953 Usque
149 3875 189 3936 ad
210 3873 340 3963 deliciae
363 3885 520 3932 votorum.
567 3868 634 3932 Cur
654 3839 926 3950 ramensinquit,
1047 3837 1051 3846 ἱ

34 3989 201 4075 Corripias?
243 3991 361 4052 Pulcra
383 3990 501 4070 gaudet
522 3989 646 4050 Latona
668 3988 784 4050 Diana.

34 4107 85 4180 Sed
106 4127 190 4182 vetat
211 4115 316 4195 optari
337 4111 454 4178 faciem
476 4111 643 4185 Lucretia,
666 4109 794 4190 qualem
822 4101 825 4111 ¹
