2706 4860
357 403 615 468 SATIRA
658 407 740 470 Vls

45 577 94 635 llla
114 575 226 649 docet,
249 575 352 636 missis
375 597 393 637 a
418 589 604 658 corruptore
622 579 764 650 tabellis,

47 692 90 754 All
106 695 188 754 rude
207 715 271 756 nec
289 695 428 776 simplex
442 698 631 758 rescribere:
655 697 774 778 decipit
788 697 853 758 'illa

47 815 186 874 Custodes
209 829 266 874 aut
289 835 362 878 aere
382 816 506 876 domat:
538 831 615 886 tuns
638 837 770 898 corpore
788 836 865 878 sano
968 809 1058 880 ,2θό

48 935 178 994 Advocat
197 935 406 1016 Archigenen
429 957 622 1018 onerosaque
644 939 744 1018 pallia
760 939 868 998 iactat.

48 1054 170 1114 Abditus
190 1057 319 1116 interea
341 1056 422 1116 latet
442 1068 474 1114 et
495 1067 634 1116 secretus
655 1057 798 1134 adulter,
833 1111 837 1119 .

50 1173 274 1254 Impatiensque
294 1194 406 1236 morae
427 1175 499 1235 silet
516 1188 549 1234 et
569 1177 735 1256 praeputia
758 1175 856 1238 ducit.

51 1293 167 1354 Scilicet
191 1273 369 1374 exspectas,
391 1307 428 1354 ut
445 1295 551 1356 tradat
570 1307 675 1356 mater
689 1297 838 1356 honestos
1038 1375 1041 1381 .

53 1387 150 1495 Atque'
163 1415 243 1476 alios
262 1433 385 1487 mores,
408 1433 505 1494 quam
521 1417 597 1494 quoi
618 1414 740 1476 habeti.
758 1413 839 1474 utile
860 1433 956 1496 porro
993 1415 1065 1480 240

55 1533 190 1595 Filiolam
209 1535 300 1612 turpi
322 1533 449 1594 vetulae
469 1533 647 1613 producere
670 1547 808 1614 turpem.

108 1653 204 1714 Nulla
225 1653 293 1713 lere
314 1673 422 1712 caussa
444 1666 505 1726 est,
525 1654 563 1712 in
588 1673 650 1732 qua
669 1639 737 1714 nori
757 1654 879 1716 femina
895 1655 989 1716 litem
1049 1673 1050 1678 ¹

57 1741 193 1835 Moveriti
221 1775 228 1784 ”
237 1773 376 1864 Accusat
395 1773 548 1846 Manilia,
570 1773 597 1832 si
616 1791 673 1832 rea
691 1791 758 1832 non
780 1787 835 1856 est.

60 1892 256 1973 Componunt
279 1895 366 1972 ipsae
386 1913 444 1974 per
466 1913 499 1952 se
518 1891 723 1972 formantque
744 1881 887 1970 libellos,

19 2047 20 2050 =
59 2011 249 2094 Principium
271 2025 366 2092 atque
389 2013 476 2072 locos
498 2011 592 2072 Celso
610 2011 730 2073 dictare
750 2027 891 2092 paratae.
1005 2009 1071 2076 245

114 2133 325 2194 Endromidas
346 2133 459 2214 Tyrias
482 2146 513 2192 et
527 2131 707 2192 femineum
727 2151 856 2194 ceroma

65 2253 131 2331 Quis
147 2253 270 2314 nescit?
292 2253 344 2318 vel
371 2254 439 2332 quis
458 2271 527 2325 non
544 2251 626 2311 vidit
647 2247 781 2310 vulnera
803 2251 890 2330 pali?

64 2373 159 2452 Quem
179 2385 272 2433 cavat
296 2371 426 2432 assiduis
446 2371 576 2432 sudibus
596 2383 748 2448 scutoque
780 2369 920 2440 lacessit,
937 2397 945 2412 ·
971 2381 973 2386 ·

64 2493 156 2575 Atque
178 2511 289 2554 omnes
309 2491 425 2571 implet
446 2507 613 2561 numeros,
645 2487 830 2567 dignissima
848 2507 975 2567 prorsus

62 2607 173 2674 Florali
192 2627 343 2674 matrona
366 2611 461 2672 tuba:
484 2611 545 2671 nisi
559 2611 584 2669 si
598 2607 674 2688 quid
695 2609 731 2668 in
751 2607 808 2668 illo
838 2625 845 2644 ³
1013 2600 1078 2672 250

68 2731 189 2794 Pectore
214 2734 286 2814 plus
303 2731 401 2814 agitet
422 2749 579 2810 veraeque
599 2741 730 2808 paratur
749 2747 873 2788 arenae.

72 2852 166 2931 Quem
182 2865 329 2934 prestare
349 2862 454 2931 potest
467 2851 586 2918 mulier
606 2849 732 2928 galeata
751 2849 925 2936 pudorem,

73 2969 152 3049 Quae
171 2971 255 3052 fugit
273 2991 293 3030 a
312 2990 403 3042 sexu,
426 2971 508 3030 vires
533 2970 643 3030 amat?
686 2967 775 3028 Haec
796 2981 908 3028 tamen
927 2969 997 3049 ipsa

74 3090 123 3152 Vir
141 3089 343 3154 nollct'fieri:
364 3109 443 3150 nam
464 3089 619 3171 quanttda
640 3100 750 3150 nostra
768 3087 939 3166 voluptas?

42 3235 45 3241 ·
75 3209 169 3290 Quale
188 3212 284 3272 decus
304 3229 429 3285 rerum,
462 3209 653 3288 sieconiugis
676 3208 783 3266 auctio
804 3205 878 3279 fiat,
1020 3199 1101 3270 2551

74 3325 192 3394 Balteus
212 3344 245 3392 et
263 3333 410 3392 matricae
432 3343 464 3390 et
486 3330 599 3388 cristae
624 3328 785 3408 crurisque
803 3327 923 3394 sinistri
1018 3391 1021 3402 ‚

74 3449 249 3533 Dimidium
269 3449 413 3531 tegmen:
436 3449 537 3510 velsi
555 3447 678 3508 diversa
697 3447 842 3508 movebit

75 3569 207 3654 l’raelia,
231 3584 270 3630 tu
291 3571 383 3645 felix,
407 3589 515 3630 ocreas
529 3555 695 3629 ¹vendente
713 3567 835 3648 puella.

77 3690 159 3752 Haec
173 3704 264 3764 sunt,
287 3710 368 3770 quae
388 3691 480 3752 tenui
496 3687 612 3750 sudant
638 3688 674 3748 in
690 3685 839 3768 cyclade,
863 3703 1000 3766 quarum

78 3809 210 3872 Delicias
220 3787 261 3869 ‘et
277 3810 468 3890 panniculus
492 3807 705 3888 bombycinus
726 3809 802 3871 urit.
1023 3805 1093 3893 ⁵260

83 3929 225 4011 Adspice,
255 3904 316 4010 quo
336 3905 682 4000 fremitu'monstratos
704 3923 962 4008 paximatium,
989 3919 991 3926 ’

77 4046 125 4107 'Et
145 4065 260 4134 quanto
282 4047 392 4132 galeas
407 4061 564 4118 curvetur,
578 4047 745 4132 ponder&
761 4057 879 4130 quanta
942 4077 970 4132 »3
992 4077 995 4085 .
1036 4027 1040 4039 ⁵
