2676 4860
193 427 197 438 '
257 440 323 504 sos
569 437 977 502 trinorc-monas

426 610 448 672 S
470 611 498 672 A
519 609 549 672 T
571 609 588 674 1
609 611 640 672 R
660 611 700 706 A!
733 610 827 685 XIII,
857 631 900 672 vs.
925 611 1119 676 178-180.

511 725 518 761 ³
781 765 844 826 Sed
867 785 1000 848 corpore
1021 777 1140 825 trunco

296 877 462 966 Invidiosa
484 881 574 944 dabit
594 884 748 944 minimus
770 878 883 946 solatia
903 887 1045 970 sanguis,

247 1019 252 1082 j
301 1005 349 1068 Ac
370 1005 511 1066 vindicta
533 1003 657 1064 bonum
679 1017 726 1064 ert
747 1003 814 1064 vita
834 1005 1005 1068 iucundius
1026 1007 1105 1086 ipsa.

253 1172 348 1242 ‚Haec
371 1175 533 1238 verissima
555 1175 736 1237 Achaintrii
765 1187 797 1234 et
818 1161 1036 1257 interpunctio
1066 1187 1099 1234 et
1126 1175 1280 1256 scriptura

259 1307 322 1368 est,
351 1313 450 1376 quam
480 1297 580 1358 etiam
607 1295 776 1358 Cramerus
805 1295 846 1356 ad
872 1294 1078 1356 schoIIastam
1114 1314 1190 1376 pag.
1214 1297 1274 1360 tto.

256 1414 415 1496 probavit.
440 1399 442 1404 ¹
464 1416 571 1478 Verba
598 1429 673 1478 sunt
711 1415 854 1488 Calvini,
887 1425 1128 1496 poetae‚›antea
1159 1413 1280 1485 dicenti,

253 1503 416 1598 dammim
438 1536 682 1621 acceptum⁹vel
705 1535 889 1616 gravissime
914 1551 1020 1616 poena
1040 1551 1109 1594 non
1130 1533 1280 1604 resarciri,

250 1655 489 1736 respondentis,
510 1657 572 1720 sibi
593 1657 768 1718 minimum
786 1653 985 1736 sanguinem,
1008 1671 1025 1710 e
1048 1653 1204 1714 mutilato
1226 1673 1282 1714 sce·

256 1771 330 1836 lesti
350 1775 492 1838 hominis
515 1793 649 1858 corpore
669 1785 884 1845 emanantem,
905 1770 1018 1832 solatia
1039 1770 1198 1852 praebere
1222 1791 1280 1832 am-

241 1890 411 1971 (plissima,
432 1906 466 1954 et
488 1877 666 1956 vindictam
687 1895 755 1956 vita
773 1895 843 1976 ipso
863 1889 1089 1956 iucundiorem
1100 1909 1177 1988 esse.
1214 1892 1282 1950 Non
1329 1877 1330 1954 Ῠ

258 2009 321 2072 alia
339 2011 478 2096 Ruperti
499 2014 683 2098 explicandi
704 2015 786 2076 ratio
803 2026 859 2085 est,
882 2011 1000 2072 erravit
1018 2023 1131 2070 tamen
1146 2011 1196 2070 vir
1209 2010 1282 2092 opti-

258 2147 348 2205 mus,
384 2133 470 2213 quod
491 2135 686 2216 particulam
707 2135 754 2196 At
785 2144 979 2192 reservatam
1008 2129 1139 2190 affectui
1173 2149 1281 2190 conve·

230 2223 231 2226 Ἴ
257 2250 454 2316 nien'tiorem
476 2255 679 2318 existimavit.
723 2251 787 2313 Sed
809 2273 847 2312 ea
862 2251 947 2312 nihil
967 2250 1096 2332 prodest
1117 2249 1182 2310 hoc
1204 2251 1280 2324 loco,

191 2377 194 2384 '
258 2381 292 2430 et
320 2371 431 2434 turbat
459 2375 566 2458 potius
593 2375 791 2447 orationem,
829 2391 909 2454 quae
939 2384 1010 2432 tum
1039 2369 1174 2432 demum
1203 2371 1280 2431 bene

182 2483 184 2492 '
258 2493 427 2572 procedet,
463 2494 490 2556 si
522 2513 598 2556 cum
626 2493 814 2555 Achaintrio
842 2492 894 2552 vel
920 2495 985 2564 Ac,
1019 2467 1072 2550 vei
1098 2491 1186 2572 quod
1216 2491 1281 2559 cod.

254 2605 504 2674 'Zwickaviensis
530 2613 680 2696 praebet,
709 2611 753 2673 Et
773 2613 927 2696 posueris.
970 2609 1119 2692 Denique
1142 2613 1281 2692 priorem

257 2729 559 2814 interpretationem
580 2734 608 2792 si
630 2732 882 2802 consideramus,
912 2750 951 2790 ex
981 2750 1042 2811 qua
1064 2731 1167 2790 etiam
1187 2731 1281 2791 verba

260 2849 327 2910 sed
347 2871 484 2932 corpore
499 2865 613 2940 trztnco
632 2871 731 2932 usque
754 2849 795 2911 ad
816 2851 952 2932 sanguis
966 2849 1114 2910 Iuvenali
1135 2851 1280 2910 tribuun-
1330 2855 1331 2858 ’

256 2982 326 3042 tur,
355 2983 387 3029 er
414 2970 528 3034 solatia
556 2955 713 3034 invidiosa
738 2971 981 3052 intelliguntur,
1017 2971 1281 3059 quae'in'vidiam

255 3090 400 3168 'conflent
429 3104 461 3151 et
490 3091 617 3167 odium,
643 3111 682 3151 ea
708 3091 829 3152 idcirco
858 3090 1081 3152 molestissima
1113 3103 1181 3165 est,
1214 3093 1283 3172 quia

254 3223 334 3275 tunc
370 3231 478 3286 causa,
521 3233 579 3274 cur
607 3213 760 3277 miniano
788 3210 936 3272 additum
963 3211 1018 3284 sit,
1054 3210 1149 3272 nullo
1184 3210 1279 3272 modo

255 3345 399 3416 apparet.
1266 3317 1267 3322 ἵ

1082 3394 1087 3422 t

382 3581 394 3606 b
456 3515 723 3589 SATIRA
765 3503 929 3591 X1114vs.
953 3518 1075 3598 cusq.

562 3669 663 3734 Dabit
682 3673 719 3732 in
739 3671 893 3754 laqueum
913 3674 1045 3754 vestigia
1067 3684 1181 3733 noster

297 3792 442 3876 Perfidus
464 3805 497 3852 et
519 3792 604 3874 nigri
624 3791 766 3874 patietur
787 3793 922 3852 carceris
941 3805 1096 3852 uncum(

255 3941 447 4036 consolator
468 3960 563 4030 poeta
585 3946 758 4008 Calvinum
780 3945 843 4008 hoc
871 3947 974 4030 dictor
1002 3948 1057 4028 qui
1084 3943 1190 4008 semel
1211 3967 1276 4030 per-

257 4066 358 4143 ervit,
387 4069 413 4130 is
435 4069 555 4132 iterum
575 4088 612 4130 ac
632 4068 757 4152 saepius
779 4067 943 4152 peccabit,
962 4073 1038 4134 'uno
1058 4084 1127 4129 non
1152 4081 1276 4130 conter-
