2642 4850
187 638 200 690 l

103 363 104 379 '
196 333 364 454 x'ara
436 417 438 424 ,
532 329 980 486 'ruuorsrrottss
1055 367 1063 391 ²

416 587 674 670 sarrai
720 593 1086 684 V11,'vs.108-110.
1182 659 1184 664 .

285 765 352 847 Ipsi
373 783 491 845 magna
513 777 642 837 sonant,
661 763 719 824 sed
739 777 836 838 tunc,
859 783 959 844 quum
983 763 1122 826 creditor
1144 761 1235 838 audit,

284 885 479 967 Praecipue,
503 885 554 944 vel
576 886 606 964 si,
624 885 731 966 tetigit
752 884 834 945 latus
858 885 960 946 acrior
982 884 1057 957 illo,
1155 881 1161 888 ’

286 1006 353 1084 Qui
373 980 462 1064 venit
484 1005 525 1064 ad
549 1003 684 1090 dubium
706 1003 819 1086 grandi
842 987 917 1063 cuni
940 999 1051 1066 codice*
1070 1023 1199 1064 nomen.

217 1218 219 1238 ,
244 1159 405 1222 Causidici
428 1179 565 1240 quoque,
588 1159 667 1220 dicit
688 1171 795 1240 poeta,
817 1177 956 1239 parvum
977 1157 1095 1218 laboris
1116 1158 1167 1218 sui
1177 1175 1257 1238 prae·

242 1283 349 1342 mium
371 1281 550 1360 accipiunt,
580 1293 612 1339 et
641 1281 668 1340 si
690 1277 767 1360 quid
789 1279 934 1360 accipere
956 1279 1101 1352 volunt,¹
1117 1297 1199 1359 opus
1217 1287 1257 1336 est

242 1401 280 1460 iis
315 1400 457 1459 maxima
487 1401 573 1460 vocis
608 1400 798 1474 intentione.
842 1399 916 1458 Huc
948 1371 1118 1458 referenda
1156 1411 1256 1456 censeo

242 1515 312 1600 ipsi
331 1539 454 1598 magna
474 1531 607 1591 sonant,
639 1501 799 1596 renitente
831 1517 960 1599 quidem
989 1517 1187 1590 Heineckio,
1211 1513 1259 1574 sed

242 1641 337 1702 falso:
366 1657 443 1698 nam
465 1640 550 1719 ipsi,
581 1651 619 1720 ut
644 1638 739 1701 rebus
769 1637 1000 1719 saepenumero
1027 1655 1185 1720 personae
1209 1651 1260 1714 per

242 1779 424 1842 pronomen
447 1759 518 1838 ipse
541 1758 706 1840 aptantur,
736 1759 974 1838 oppositionem
995 1758 1072 1818 facit
1095 1755 1262 1816 verborum

243 1885 364 1956 magno
376 1878 508 1938 comites
524 1877 559 1936 in
558 1875 663 1960 fasce
676 1877 791 1950 libelli,
812 1877 847 1940 h.
870 1899 899 1943 e.
917 1879 1070 1939 Cramero
1082 1877 1261 1954 interprete,

243 1990 399 2078 quidquid
420 1981 539 2078 scripto
563 1997 777 2080 compositum
799 1998 839 2058 ad
863 2017 991 2057 causam
1012 1997 1077 2056 sive
1093 1995 1208 2054 actoris
1222 1987 1262 2052 'si-

243 2135 283 2176 ve
304 2117 353 2176 rei
374 2113 544 2207 agendum,
565 2115 719 2176 fasciculo
737 2116 1016 2199 comprehensum,
1030 2119 1149 2176 'secum
1169 2115 1205 2173 in
1218 2113 1263 2172 iu·

184 2220 186 2228 ¹
243 2237 365 2298 dicium
389 2225 491 2296 adf'ert
514 2235 694 2296 advocatus.
738 2237 812 2298 Non
833 2237 951 2326 sufficit
972 2238 1085 2317 igitur,
1108 2233 1196 2294 domi
1214 2251 1261 2292 res

243 2358 286 2418 ad
308 2375 435 2417 causam
452 2359 643 2426 necessarias
665 2357 858 2431 elaborasse,
880 2355 936 2416 sed
955 2358 1030 2438 ipsis
1052 2357 1151 2416 etiam
1171 2356 1207 2415 in
1220 2353 1261 2413 io

190 2473 194 2498 ³
243 2494 300 2552 ro,
338 2477 511 2559 praecipue
539 2489 627 2562 tum?
663 2493 763 2556 quum
794 2495 904 2536 coram
932 2475 1102 2536 clientibus
1130 2475 1263 2556 litigant,

242 2597 463 2679 maximopere
485 2597 676 2658 enitendum
698 2607 761 2669 est,
794 2609 837 2655 ut
851 2596 1049 2670 mercedem,
1071 2616 1107 2656 re
1128 2608 1262 2678 peracta,

243 2717 374 2798 capiant
403 2733 443 2774 ex
469 2717 659 2833 patrocinio.
703 2714 852 2775 Creditor
874 2717 1020 2798 quidem,
1055 2729 1091 2776 ut
1121 2718 1262 2796 quirem

240 2855 334 2897 suam
356 2837 475 2896 iustam
499 2851 563 2894 erse
587 2832 737 2907 confidat,
760 2836 957 2896 causidicum
981 2855 1050 2897 non
1070 2837 1119 2897 ita·
1137 2807 1262 2918 instigat

243 2969 277 3016 et
298 2968 410 3036 urget,
432 2973 529 3036 quam
550 2953 691 3028 debitor,
720 2955 775 3036 qui
795 2955 918 3017 solvere
939 2969 1052 3038 neget,
1074 2957 1212 3037 ideoque
1232 2959 1263 3017 in

170 3057 172 3068 ¹
243 3075 403 3138 iudicium
423 3088 555 3168 vocatus
585 3078 695 3136 omnia
723 3075 889 3149 adhibeat,
920 3076 1051 3158 quibus,
1078 3079 1283 3159 praesertim*

235 3197 280 3256 ‘in
300 3215 336 3255 re
359 3195 456 3256 dubia
470 3196 511 3272 ⁴(i.
534 3215 561 3256 e.
584 3216 701 3283 nomen
715 3194 860 3269 dubium,
883 3195 924 3256 ad
946 3195 1032 3276 quod
1050 3197 1182 3256 doctam
1195 3197 1264 3284 Cra=

74 3392 86 3405 Ἣ
182 3374 185 3380 ,
244 3317 327 3404 meri
348 3315 406 3375 Ict
428 3328 541 3376 notam
557 3315 697 3393 videas),
720 3328 753 3375 et
774 3319 828 3396 spe
846 3315 952 3396 aliqua
973 3317 1124 3378 vincendi
1144 3317 1262 3388 relicta,

244 3455 264 3494 a
277 3407 394 3495 debito
416 3435 581 3496 liberetur.
624 3433 688 3494 Hic
711 3421 799 3494 enim
820 3435 905 3514 ipse,
933 3447 1169 3517 praeterquam·
1182 3433 1263 3516 quod

245 3553 447 3616 defensorem
462 3551 670 3614 vehementer
689 3555 806 3614 excitat
818 3553 858 3614 ad
870 3556 1090 3636 pugnandum,
1111 3565 1262 3637 magnum

245 3653 372 3756 quoque
404 3672 550 3735 codicem
580 3671 689 3748 affert,
726 3690 794 3734 non
824 3693 960 3756 expensa
987 3686 1020 3734 et
1045 3689 1202 3756 dempta,
1228 3685 1261 3734 ut

245 3795 354 3878 plures
374 3795 555 3868 voluerunt,
579 3795 810 3868 continentem,
831 3793 887 3855 sed
905 3793 1099 3876 scriptorum
1120 3795 1262 3856 multitu·

181 3913 183 3917 ’
245 3913 373 3986 dinem,
404 3933 484 3994 quae
514 3917 622 3996 gravia
642 3917 691 3976 rei
720 3915 862 3997 agendae
884 3927 1073 3996 argumenta
1093 3913 1262 3996 complecti

245 4027 385 4109 simula,
405 4045 443 4093 ut
464 4033 635 4098 adversarii
656 4038 817 4100 accusatio
833 4033 1051 4118 redarguatur.
1093 4031 1148 4097 Sic
1169 4033 1261 4132 verlra

1021 4167 1027 4215 Ι
