2648 4858
253 420 296 482 oa
530 381 576 481 'u
598 413 695 477 ruu.
718 407 1000 472 ruvnnsms

259 590 308 649 Ad
331 595 455 648 terram'
472 587 612 646 tremulo
635 557 832 646 descendant
855 583 952 643 clune
971 579 1132 662 puellae‚‘
1234 625 1237 634 .

259 709 502 770 Irritamentum
516 707 647 766 Veneris
669 705 860 784 languentis.
875 715 908 762 et
929 717 1016 764 acres
1219 695 1280 764 165

259 829 376 890 Divitis
398 828 530 888 urticae.
576 827 683 887 Maior
703 836 814 884 tamen
836 825 897 882 ista
919 823 1065 902 voluptas

165 945 168 952 ’
258 949 399 1028 Alterius
421 967 526 1006 sexus:
549 947 649 1026 magis
671 945 727 1004 ille
751 941 950 1017 extenditur,
973 955 1005 1002 et
1026 959 1104 1002 mox

210 1085 213 1096 ·
258 1064 398 1126 Auribus
422 1078 517 1146 atque
540 1066 641 1125 oculis
664 1075 820 1145 concepta
841 1064 936 1122 urina
958 1074 1117 1122 movetur.

154 1229 167 1244 .
259 1187 335 1276 Non
357 1187 442 1266 capit
464 1186 521 1246 has
543 1205 643 1266 nugas
665 1184 796 1246 humilis
819 1183 947 1244 domus:
970 1153 1158 1242 audiatille

260 1305 431 1366 Testarum
454 1309 590 1388 crepitus
614 1325 688 1366 cum
710 1304 823 1380 verbis,
845 1303 972 1364 nudum
987 1302 1073 1362 olido
1094 1313 1182 1360 stans
1225 1299 1281 1362 17⁰

260 1405 398 1486 Fornice
419 1423 619 1508 mancipiur‘n
642 1425 757 1506 quibus
779 1424 933 1497 abstinet,
955 1423 1012 1482 ille
1036 1421 1162 1483 fruatur

265 1665 330 1744 Qui
351 1665 648 1726 Lacedaemonium
670 1666 842 1748 pytismate
863 1645 1003 1724 lubricat
1025 1662 1154 1744 orbemz

217 1823 243 1871 J*
263 1783 411 1865 Namque
433 1783 481 1844 ibi
502 1783 651 1842 fortunae
674 1785 803 1844 veniam
826 1783 946 1844 damus.
989 1783 1070 1843 Alea
1089 1781 1209 1862 turpis,

264 1881 390 1986 Turpe·
399 1916 431 1963 et
445 1901 640 1962 adulterium
655 1901 887 1964 mediocribus:
910 1904 990 1964 haec
1005 1904 1119 1963 eade'rn
1132 1902 1184 1962 illi
1228 1893 1281 1964 175

265 2025 385 2085 Omnia
407 2041 507 2104 quum
518 2020 668 2095 {faciann‘
686 2021 804 2082 hilares
824 2021 984 2103 nitidique
1005 2034 1174 2087 vocantur.

223 2124 233 2140 s
265 2144 382 2205 Nostra
404 2143 527 2204 dabunt
549 2141 626 2204 elios
648 2128 745 2202 hodie
770 2141 916 2202 convivia
937 2141 1043 2202 ludos:

268 2261 425 2334 Conditor
446 2259 563 2322 Iliados
581 2236 769 2324 cantabitur
792 2235 1053 2342 atque-Maronis

210 2445 213 2452 ,
246 2356 405 2470 ι1111130111
427 2381 559 2444 dubiam
581 2383 733 2444 facientia
755 2382 899 2442 carmina
920 2383 1073 2463 palmam.

270 2499 358 2580 Quid
378 2501 493 2578 refert,
515 2505 596 2566 tales
618 2523 725 2566 versus
747 2522 810 2582 qua
830 2519 909 2562 voce
930 2503 1098 2584 legantur?
1230 2489 1282 2563 181]

333 2619 396 2680 Sed
417 2627 505 2684 nunc
528 2623 763 2684 dilatisaverte
784 2623 913 2703 negotiu
936 2625 1017 2684 curis
1051 2703 1053 2711 Α

269 2741 312 2802 Et
330 2753 455 2823 gratam
475 2745 621 2822 requiem
643 2743 728 2802 dona
748 2742 826 2816 tibi,
850 2735 977 2822 quando
998 2741 1111 2802 licebit

269 2859 332 2920 Per
353 2873 457 2924 totam
479 2881 597 2924 cessare
620 2863 720 2924 diem:
743 2881 811 2922 non
827 2861 949 2947 (fenoris
971 2863 1039 2922 ulla

248 2979 412 3062 Montio,
434 3002 514 3060 nec,
535 2983 687 3062 primasi
710 2983 782 3042 luce
806 2949 942 3062 egressa,
965 2982 1083 3041 reverti

244 3158 247 3170 ,
269 3101 374 3164 Nocte
395 3103 494 3174 solet,
516 3104 614 3162 tacito
637 3103 739 3164 bilem
760 3101 821 3162 tibi
844 3102 1012 3164 contrahat
1033 3067 1131 3176 uirorr
1222 3084 1282 3164 Ι185
1306 3073 1308 3086 ⁴

270 3219 416 3282 Humida
437 3223 588 3306 suspectis
609 3221 749 3282 referens
771 3222 920 3286 multicia
941 3223 1050 3310 rugis!

268 3339 469 3420 vexatasque
493 3357 599 3402 comas
615 3354 655 3421 Aet
677 3341 804 3402 vultum
827 3312 1001 3423 auremuue
1024 3341 1196 3404 calentem.

270 3457 421 3520 Protinus
444 3473 517 3520 ante
539 3479 667 3532 meum,
692 3463 846 3544 quidquid
869 3463 971 3536 dolet,
994 3481 1075 3522 exue
1096 3461 1214 3523 limen:

271 3575 360 3640 Pone
384 3579 517 3640 domurn
540 3593 571 3638 et
594 3600 697 3642 servos
716 3595 749 3642 et
772 3581 926 3664 quidquid
946 3581 1103 3663 frangitur
1123 3581 1190 3643 illis

163 3719 166 3727 ’
272 3699 337 3758 Aut
358 3701 458 3780 perit:
480 3699 620 3781 ingratos
641 3715 717 3762 ante
738 3704 848 3766 omnia
869 3722 954 3785 pone
970 3699 1124 3764 sodales.l
1206 3701 1282 3770 ‚190

336 3817 463 3882 Interea
484 3819 713 3900 Megalesiacae
736 3823 919 3920 spectacula
940 3841 1091 3903 mappae,

274 3937 407 4001 Idaeum
429 3940 559 4000 solenne
573 3941 714 4017 uolunt,
736 3945 911 4028 similisque
933 3940 1100 4023 triumpho

269 4057 395 4137 Praeda
419 4057 617 4122 caballorum
638 4076 766 4141 praetor
788 4065 877 4127 sedet
898 4083 952 4139 ac,
974 4059 1058 4124 mihi
1079 4077 1160 4144 pace
