2642 4850
268 427 341 493 ros
585 421 994 504 suuormtouns
1071 459 1117 500 4

424 667 427 674 Δ
510 585 1099 674 sortusv,'vs.51‚62.'

307 753 395 814 ‘Non
417 751 532 813 eadem
554 753 644 814 tobis
665 752 744 834 poni
764 752 862 813 modo
879 739 961 814 'vina
980 753 1152 834 querebar:

320 875 385 935 Vos
407 873 505 936 aliem
526 875 643 954 potatis
665 891 792 954 aquam.
1307 884 1308 966 t

270 995 461 1058 Tur-batum
481 993 562 1056 dicit
582 993 697 1054 Mento
719 992 839 1054 horum
860 1012 1012 1054 versuum
1036 993 1195 1068 ordinem,
1218 1011 1284 1054 eum·

279 1136 342 1197 que
363 1082 410 1176 ita
431 1113 668 1178 restituendum
690 1125 791 1194 putat,
812 1125 850 1173 ut
872 1131 998 1174 versum
1020 1113 1071 1178 51.
1096 1128 1172 1174 ante
1193 1135 1234 1177 us.
1247 1115 1284 1176 49.

273 1236 488 1318 nansponat:
511 1229 568 1296 Ac'
590 1234 735 1316 profecto
751 1253 849 1295 nemo
864 1236 934 1310 erit,
956 1237 1011 1316 qui
1027 1233 1224 1296 lucidiorum
1241 1236 1283 1294 isto

171 1348 190 1436 J
278 1356 377 1418 modo
414 1355 587 1444 verborum
621 1356 816 1416 sententiam
850 1373 916 1416 esse
949 1368 1055 1436 neget.
1113 1343 1202 1416 Num
1230 1373 1283 1414 vero

278 1465 430 1540 versuum
449 1479 589 1540 mutatio
611 1476 778 1559 probanda
801 1487 863 1550 est,
886 1476 976 1536 cuius
996 1477 1127 1537 nulium
1148 1478 1185 1552 in
1206 1475 1283 1538 Codd.

277 1599 451 1680 »vestigium
479 1598 663 1659 invenitur?
706 1595 832 1656 Eadem
861 1596 901 1656 de
929 1615 1023 1657 causa
1052 1595 1120 1658 viro
1148 1595 1283 1658 doctoin
1309 1631 1310 1646 ι

278 1715 417 1798 Ephem.
439 1718 539 1779 litter.
561 1717 686 1779 lenens.
710 1709 761 1778 an.
785 1717 878 1792 1822,
899 1737 931 1792 n,
956 1717 1016 1796 82,
1038 1712 1167 1777 v‘ersum
1188 1715 1226 1782 51
1247 1717 1284 1776 eii-

273 1837 436 1899 ·ciendum
469 1840 629 1913 censenti,
665 1839 816 1898 assentire
851 1835 966 1897 nolim.
1023 1835 1109 1898 Nem
1144 1813 1286 1898 hiusmodi

280 1957 516 2018 sententiarum
537 1951 733 2037 interruptio
756 1957 842 2036 apud
862 1955 1053 2018 iuvenalem
1072 1976 1141 2018 non
1164 1947 1286 2028 offendit,

280 2077 354 2138 vide
375 2076 440 2138 Sat.
462 2075 525 2152 VI,
548 2097 591 2138 vs.
613 2079 731 2162 eum
753 2090 786 2136 et
809 2076 895 2156 quod
915 2076 972 2136 ille
995 2095 1124 2136 versum
1145 2076 1239 2136 istum
1247 2073 1287 2134 iri·

279 2196 461 2278 gidiorem,
491 2217 588 2279 quam
618 2199 673 2279 qui
699 2209 815 2279 poetae
843 2194 1020 2269 tribuatur,
1057 2207 1167 2271 vocat,
1193 2197 1286 2258 itidem

278 2335 347 2377 non
370 2313 579 2380 crediderim.¹
615 2317 726 2379 Potius
748 2317 816 2378 vim
838 2315 999 2397 quendam
1020 2317 1057 2377 in
1079 2337 1118 2376 eo
1134 2319 1286 2378 sitamesso

280 2437 457 2542 contendo:
480 2423 594 2496 eadem
615 2437 714 2514 enim,
736 2437 818 2519 quae
840 2417 934 2535 antea
955 2437 1054 2499 fusius
1070 2447 1286 2518 expressosunt,

245 2555 247 2562 ’
280 2557 423 2617 breviter
442 2559 573 2638 repetit,
599 2571 631 2618 et
653 2558 808 2638 parasito,
826 2559 868 2617 ut
889 2557 939 2618 rei
959 2557 1205 2638 turpitudinem,
1225 2558 1286 2616 eius-

281 2697 343 2756 que
366 2677 560 2738 conditionis
579 2678 745 2738 miserium
777 2690 905 2758 augeat,
935 2679 971 2738 in
999 2679 1148 2738 animum
1179 2689 1286 2737 revocat

236 2820 239 2828 ¹
279 2809 312 2856 et
335 2799 424 2878 quasi
445 2797 603 2871 inculcat,
633 2810 786 2878 quantam
812 2817 833 2857 a
865 2797 1087 2858 conviviorum
1108 2775 1241 2858 dominis
1258 2814 1286 2854 eo

279 2911 429 2998 expertus
449 2919 490 2978 sit
512 2917 784 3006 contemtionem,
796 2916 895 3010 *quod
916 2919 977 2999 ipsi
996 2915 1082 2978 inter
1104 2917 1285 2986 coenandum
1312 2985 1313 2996 ἶ

279 3055 348 3100 non
369 3037 467 3100 modo
489 3033 604 3098 viliora
625 3037 716 3113 vina,
738 3037 794 3098 sed
816 3035 916 3099 etia'm
938 3034 1002 3098 alia
1023 3055 1105 3118 equa
1125 3053 1262 3122 ponatur.

547 3225 810 3290 sutton
854 3175 1044 3306 mor.
1147 3302 1150 3310 ,

688 3365 848 3426 Dextrum
870 3355 1022 3428 cohibere
1042 3377 1229 3438 memento,

313 3477 418 3540 Salva
437 3481 477 3544 sit
498 3484 645 3564 artocopi
664 3486 856 3548 reverentie.

279 3594 372 3662 Libri
392 3619 465 3666 mss.
487 3615 523 3662 et·
542 3603 699 3668 editiones
720 3607 871 3687 antiquae
893 3603 1086 3670 lectionibus
1103 3601 1248 3684 artocopi
1263 3607 1285 3656 et

279 3736 434 3804 artoptae
448 3725 536 3786 inter
556 3745 589 3786 se
611 3725 803 3808 discrepant,
826 3736 859 3788 et
880 3727 907 3788 si
919 3728 1134 3806 interpretum
1157 3724 1286 3784 aliorum·

279 3858 342 3920 que
364 3857 456 3910 notas
483 3847 683 3928 inspicimus,
715 3866 877 3911 summam
907 3865 1020 3906 eorum
1047 3846 1083 3906 in
1106 3831 1285 3927 eirpediendo

279 3958 342 4022 hoc
363 3982 456 4026 versu
477 3965 706 4028 dissensionem
727 3943 1020 4030 animadvertimus.
1065 3965 1131 4045 Qui
1152 3974 1286 4044 artoptae

279 4092 422 4158 tuentur,
435 4064 557 4146 ·vocem
569 4081 751 4181 derivantes
764 4087 804 4148 ab
819 4087 930 4166 ἄρτος
946 4101 979 4148 et
993 4083 1126 4159 ὀπτάω,
1149 4099 1181 4146 et
1195 4095 1286 4164 quem·
