2676 4860
943 269 970 313 «1

155 439 156 442 ’
250 417 314 486 848
552 409 951 474 ANNOTATIONES

183 567 186 574 ¹
240 586 346 654 ‚cendi
359 567 493 648 ³rationi.
536 585 803 672 Lectoras2enim
831 597 903 646 tum
932 601 1000 642 non
1029 576 1070 646 ad
1092 584 1273 664 naufragio-

250 711 331 764 rum'
339 705 570 786 descriptiones,
585 707 643 770 illo
656 719 802 785 tempore
817 705 941 764 Romae
957 705 1170 785 pervolgatas,
1192 703 1275 764 able·

250 837 375 906 gantur,
397 824 473 885 inde
494 838 531 884 ut
554 813 694 898 discant,
717 823 794 904 quid
815 842 911 926 porpo'
933 800 1277 903 acciderit'naviganti

179 987 184 998 ,
251 944 397 1016 Catullo,
429 945 484 1005 sed
511 927 726 1006 admonentur
752 955 881 1004 tantum
911 963 929 1004 a
958 943 1132 1018 Iuvenale,
1165 944 1279 1005 eadem

250 1063 411 1146 naufragii
431 1066 534 1138 mala,
566 1084 645 1146 quaa
668 1083 687 1124 a
708 1083 750 1122 vs.
777 1067 925 1126 17-22.
949 1065 1091 1144 exposita
1112 1065 1195 1136 sint,
1227 1083 1278 1122 re-

251 1185 320 1265 peti
340 1185 377 1244 in
400 1183 695 1260 declamationibus,
717 1185 744 1244 si
766 1183 892 1268 quaudo
915 1193 1006 1244 atrox
1027 1193 1059 1242 et
1080 1193 1177 1245 saeva
1198 1195 1278 1243 tem·

252 1315 355 1386 pectas
377 1302 519 1387 fingatur
541 1324 560 1364 a
582 1305 693 1432 poetis.
916 1306 947 1362 't
982 1355 989 1364 .

213 1531 285 1566 κ
457 1490 717 1559 sATlttA
761 1493 839 1566 XII
875 1495 1071 1580 vs.30sqq.

276 1651 408 1730 Quum
430 1651 544 1732 plenus
565 1649 668 1768 llpctu
689 1649 813 1708 medius
835 1647 920 1708 foret
940 1647 1047 1707 alveus
1064 1660 1106 1706 et
1127 1648 1222 1726 iam.

297 1769 468 1862 Alternum
490 1770 605 1850 puppis
627 1769 710 1828 letus
733 1767 948 1828 evertentibus
969 1753 1089 1826 undis
1179 1763 1181 1770 ’

241 1915 244 1920 ·
297 1888 428 1947 Arboris
449 1890 605 1959 incertae,
627 1889 753 1947 nullam
773 1887 948 1968 prudentia
970 1887 1051 1946 cani

161 2067 164 2074 .
224 2049 246 2084 ,·
297 2005 443 2066 Rectoris
465 2005 623 2066 conferret
646 2020 755 2088 opem:
807 2053 811 2060 .

238 2141 346 2202 'Nihil
368 2144 485 2202 attinet
505 2143 633 2215 referre,
657 2165 738 2223 quae
760 2146 821 2205 viri
844 2145 931 2205 docti
952 2144 993 2205 ad
1014 2163 1058 2212 vs.
1075 2147 1128 2208 31:
1148 2145 1206 2206 32.
1223 2143 1289 2202 dif-

207 2311 212 2324 .
236 2261 399 2325 'fitultate
411 2283 479 2322 non
495 2263 619 2343 vulgari
639 2263 1060 2346 impeditosproposuerint:
1082 2263 1145 2338 boc
1168 2275 1290 2322 autem

252 2381 413 2442 affirmare
438 2357 550 2454 ausim,
564 2383 684 2442 'eorum
707 2385 905 2464 coniecturas
924 2385 970 2443 ita
985 2396 1185 2462 comparatas
1207 2401 1288 2454 esse,

241 2501 291 2576 'ut'
313 2501 398 2562 nibil
418 2500 560 2563 habeant
581 2501 823 2581 probabilitatis.
867 2501 970 2562 Unius
991 2515 1101 2564 tamen
1124 2515 1290 2565 conatum

242 2611 527 2694 'commemorabo
550 2623 701 2682 viritem
722 2623 852 2702 ingenio
877 2621 1083 2695 excellentis,
1092 2641 1194 2702 quam
1218 2617 1289 2682 exi·

167 2763 171 2774 ¹
253 2741 328 2800 mia
344 2742 503 2821 elegantia
524 2741 679 2821 praediti,
703 2739 885 2802 Iacobsium
907 2741 989 2815 dico,
1013 2744 1067 2822 qui
1088 2743 1124 2801 in
1138 2741 1289 2804 Miscell.

253 2827 346 2940 phili
369 2857 555 2921 Matthiaei
563 2861 601 2922 Τ
623 2861 654 2934 Ι
677 2881 748 2941 pag.
773 2863 821 2925 88
837 2881 879 2941 sq.
903 2881 961 2942 pro
985 2862 1289 2922 arborisrncertac

253 2977 350 3072 scribi
371 2979 482 3040 suadet
505 2981 657 3062 aequoris
670 2981 807 3052 incerti,
837 3001 923 3061 quaa
929 2977 1071 3063 quidem
1093 2981 1289 3042 emendatio

214 3146 220 3161 s
252 3119 311 3180 per
332 3098 472 3159 se'bona
500 3114 561 3175 est,
596 3101 757 3180 dictioque
779 3096 945 3161 'similibus
971 3113 1142 3182 poetarum
1170 3120 1289 3160 exem·

241 3219 315 3298 'plis
336 3218 513 3294 stabilitur,
547 3221 603 3282 sed
632 3223 706 3302 quia
728 3222 855 3302 vulgata
876 3223 1034 3303 scriptura
1063 3221 1196 3282 delendi
1224 3241 1287 3302 po-

252 3351 331 3410 test,
360 3359 426 3398 nou
450 3341 645 3402 assumenda.
691 3341 845 3440 Cetetptrn
867 3338 963 3402 lectio
991 3339 1122 3402 arboris
1151 3341 1286 3402 incerto

252 3439 432 3516 inultorum
459 3477 531 3518 mss.
568 3466 617 3519 et
629 3460 777 3520 veterum
809 3461 988 3522 editionum
1023 3460 1187 3526 laudanda
1226 3475 1286 3536 est,

254 3597 334 3676 quae
356 3597 422 3637 non
440 3575 577 3638 debebat
593 3579 631 3639 ab
646 3581 872 3660 interpretibus
885 3596 953 3642 tarn
967 3580 1173 3662 negligenter
1189 3601 1285 3665 prae-

252 3700 410 3759 termitti*
443 3696 646 3786 Habetteam
669 3697 833 3760 Ascensius
856 3701 981 3774 etalii,
1011 3704 1215 3784 quamquam·
1242 3703 1284 3762 il-

179 3877 181 3881 .
251 3817 313 3876 lius
336 3819 506 3898 explicatio
528 3817 611 3880 mihi
633 3817 726 3878 valde
749 3819 907 3900 displicet
949 3817 1029 3879 Inde
1050 3819 1173 3899 siquid
1194 3820 1292 3881 forte

210 4019 212 4027 Α
253 3933 365 3996 auxilii
392 3905 568 4018 petendum
603 3951 698 4013 esset,
728 3941 1023 4020 interpunctionem
1042 3937 1120 4020 'post
1150 3941 1281 4002 incerto

155 4103 165 4124 .
252 4045 424 4118 ειιὴΙιιῐειω’
440 4079 595 4141 ponerem
622 4071 694 4142 post
722 4059 836 4122 undis:
868 4079 934 4141 ¹quo
956 4051 1054 4122 m'odo
1084 4079 1190 4142 nequa
1221 4061 1280 4126 illa

332 4165 333 4170 ,
499 4171 513 4186 Ἴ,
696 4153 701 4184 ,
771 4173 773 4177 f
