2648 4858
261 415 332 501 no
434 501 438 512 ¹
507 363 1029 502 „tuuoatt1onass

262 544 476 646 difficultates*
488 587 599 666 potius
616 599 647 646 et
669 586 813 669 pericula
831 596 961 672 quaerat
976 579 1189 669 itt'amorilsus
1210 588 1270 658 suis,

262 717 406 783 artesque
429 723 575 766 exercere
599 707 689 780 velit,
713 706 826 786 quihus
851 673 1155 790 maritosdecipiat,
1177 719 1208 766 et
1228 707 1269 764 de·

178 870 180 881 .
205 847 207 854 ’
254 837 431 906 ‘ceptorum
467 845 581 884 uxores
614 837 808 910 corrumpat.
855 815 932 914 Qua
967 824 1007 886 de
1036 845 1130 886 causa
1160 827 1269 908 egregie

262 945 396 1024 quadrat
407 947 441 1005 in
452 944 652 1026 Crispinum,
676 944 762 1027 quod
773 937 941 1006 Petronius
955 943 1047 1005 Satir.
1067 963 1093 1026 a.
1112 948 1174 1008 119
1193 945 1269 1004 dicit:

571 1069 577 1092 ³
601 1083 669 1124 non
683 1064 787 1144 ¹vulgo
809 1077 886 1122 nota
908 1064 1089 1150 placebant

253 1259 256 1268 „
307 1183 449 1244 Gaudia:
472 1203 538 1242 non
560 1202 620 1242 usu
641 1167 769 1264 plebeio
792 1183 1046 1266 tritavoluptas.

260 1301 331 1386 Hac
355 1305 514 1363 sententia
536 1304 721 1378 constituta,
734 1359 737 1370 ,
750 1302 909 1396 particula
931 1301 1192 1378 tantum-habet,
1219 1320 1269 1382 quo

262 1411 384 1504 optime
412 1387 588 1506 pertinedt,
625 1437 720 1485 antea
750 1436 806 1512 aut
834 1421 876 1484 ad
901 1436 1121 1502 aspernatur,
1159 1433 1213 1480 aut
1238 1419 1269 1480 ad

260 1544 396 1606 adulter
414 1545 500 1606 rnale
521 1511 643 1618 relata,
666 1556 842 1626 apparente
862 1542 959 1622 simul
981 1554 1014 1600 et
1032 1541 1172 1622 Ruperti
1192 1553 1269 1600 vetu-

165 1644 174 1660 Χ
228 1709 231 1715 ,
262 1663 315 1723 lae
331 1635 390 1744 pro
412 1631 536 1724 viduae
557 1631 783 1746 proponentis,
804 1637 979 1752 'eteorum
1001 1682 1123 1738 errore,
1154 1665 1208 1744 qui
1226 1679 1268 1720 vo·

262 1781 378 1842 cabulo
400 1784 523 1878 viduae
545 1784 578 1851 h.
601 1785 622 1844 l.
645 1784 797 1874 innuptas
818 1780 992 1862 significari
1008 1783 1175 1866 voluerint.
1197 1781 1268 1842 Reli·

245 1919 342 1980 -que,
366 1921 446 1982 quae
468 1903 666 1983 expositione
687 1902 863 1981 indigeant,
885 1879 937 1960 vel
958 1921 1016 1982 per
1037 1923 1069 1962 se
1092 1903 1179 1964 clara
1199 1913 1269 1970 sunt,

261 2020 312 2080 vel
335 2019 374 2080 ab
398 2021 467 2084 aliis
487 2024 554 2109 iatn
574 2021 648 2085 satis
670 2021 840 2102 explicata.

491 2225 1052 2308 serrantuusmp

616 2401 735 2464 magna
757 2383 812 2462 qui
834 2401 912 2450 uoce
932 2381 1056 2448 solebat

304 2503 451 2566 Vendere
471 2501 654 2584 municipes
675 2502 778 2564 fracta
797 2502 837 2562 de
858 2521 967 2562 merce
988 2501 1111 2584 siluros.

262 2621 406 2684 Multum
428 2621 533 2694 abest,
562 2634 598 2682 ut
619 2623 703 2682 inter
724 2623 825 2710 varias
847 2623 883 2682 in
904 2619 992 2682 hunc
1014 2621 1123 2706 locum
1146 2619 1271 2700 prolatas

263 2755 318 2802 aut
338 2743 491 2802 lectiones
514 2753 569 2800 aut
592 2741 789 2800 coniecturas
805 2739 963 2824 nuperanr
977 2739 1151 2814 Mansonis,
1174 2760 1270 2822 quam·
1312 2817 1313 2832 χ

260 2861 306 2920 vis
328 2860 496 2952 probatam
518 2859 628 2952 multis
652 2872 684 2918 et
706 2873 894 2948 acceptam,
917 2859 1116 2936 collaudem,
1143 2875 1181 2922 ut
1202 2862 1269 2922 adeo
1312 2837 1313 2848 ἵ

260 2999 349 3052 eam,
379 2982 509 3062 antiqua
532 2993 565 3040 et
586 2981 682 3052 unice
705 3001 778 3066 vera
791 2982 836 3072 ‚in
857 2979 1005 3062 plurimis
1027 2977 1199 3042 Codicibus
1220 3000 1271 3040 ser·

259 3111 341 3172 vata,
365 3097 406 3160 ad
426 3121 494 3183 non
515 3103 706 3164 necessarias
729 3112 760 3160 et
775 3100 905 3190 inutiles
919 3098 1065 3162 referam.
1107 3101 1270 3183 Enimvero

258 3221 382 3278 recenti
403 3223 506 3300 prisca
527 3221 593 3294 illa,
617 3222 715 3307 etiarn
738 3211 947 3287 asscholiesta
968 3221 1106 3300 cognita,
1129 3225 1162 3283 vi
1174 3217 1206 3283 e't
1225 3241 1271 3304 po·

257 3349 371 3396 testate
387 3339 427 3396 ad
443 3341 599 3400 vilitatem
623 3339 762 3420 Crispini
777 3338 861 3402 bene
877 3340 1120 3420 exprimendam
1133 3353 1270 3423 praestat,

259 3457 375 3536 quippe
405 3457 440 3516 in
470 3477 508 3516 eo
541 3471 756 3530 constantem,
786 3459 872 3538 quod
898 3461 977 3520 viles
1005 3462 1134 3544 siluros,
1166 3479 1269 3544 eosque
1310 3523 1311 3528 χ

258 3594 316 3656 per
325 3576 410 3634 viam
416 3561 581 3637 mutilatas
598 3591 692 3658 atque
705 3597 723 3636 a
740 3579 865 3651 cetariis
875 3579 938 3662 ipsi
950 3581 1161 3677 venumdatos
1175 3598 1270 3642 rursus
1310 3539 1311 3580 ¹

257 3694 327 3754 aliis
350 3695 510 3755 venderet.
554 3693 607 3756 Sic
630 3695 792 3778 Crispinus
814 3710 852 3757 ut
868 3697 1070 3760 humillimus
1095 3703 1182 3784 inter
1203 3702 1269 3762 viles

256 3815 393 3894 piscium
422 3828 612 3909 mercatores
649 3817 840 3896 designatur.
890 3818 949 3880 Vir
978 3819 1089 3904 doctus
1117 3823 1155 3882 in
1185 3821 1268 3902 ephe·

256 3933 370 4026 merids
385 3933 467 3996 liter.
483 3935 551 3996 Ien‘.
565 3955 608 3996 m.
626 3937 727 4018 April.
740 3957 791 3998 an.
809 3939 900 4004 1823.
913 3958 946 4000 n.
961 3942 1013 4024 tt,
1035 3962 1067 4022 p.
1093 3945 1165 4007 134,
1175 3939 1268 4024 sran-

216 4051 220 4060 “
257 4071 338 4134 gero
359 4053 496 4145 erplicat
518 4053 576 4136 per
596 4055 788 4138 singulatim
806 4059 960 4137 vendere,
983 4059 1123 4137 adducto
1139 4062 1266 4143 adhunc
