2706 4860
387 346 652 468 semna
693 401 752 468 111.
1043 401 1101 505 ts¹

10 629 11 636 ,
65 575 103 638 Et
125 590 201 658 quos
222 575 396 660 praecipue
417 573 559 656 fugiam,
580 575 759 656 properabo
780 574 891 650 fateri,

62 697 127 758 Nec
147 696 255 778 pudor
277 694 426 756 obstabit.
469 695 545 756 Non
566 714 695 776 possum
715 694 820 770 ferre,
843 695 997 775 Quirites,
1040 697 1104 776 60*

65 817 221 877 Graecam
243 815 373 876 urbem:
397 816 540 896 quamvis
564 827 662 896 quota
682 817 788 896 portio
810 815 906 878 faecis
921 816 1063 880 Achaei?

61 937 129 998 lam
150 937 279 1018 pridem
300 935 398 1018 Syrus
419 937 457 996 in
478 934 628 996 Tiberim
649 935 783 996 defluxit
805 936 943 996 Orontes
1007 1009 1021 1026 ,

62 1055 100 1114 Et
119 1055 268 1136 linguam
291 1069 324 1116 et
344 1073 451 1114 mores
473 1067 506 1114 et
529 1073 605 1114 cum
626 1054 760 1116 tibicine
783 1055 917 1118 chordas

62 1175 211 1257 Obliquas
233 1193 296 1234 nec
318 1193 387 1236 non
407 1174 542 1255 gentilia
553 1187 719 1256 tympana
739 1195 849 1238 secum

61 1296 152 1356 Vexit
183 1307 216 1354 et
246 1293 288 1354 ad
311 1293 444 1356 Circum
469 1296 568 1356 iussas
597 1307 740 1376 prostare
767 1296 901 1376 puellas.
936 1323 941 1328 ·
1041 1296 1085 1364 65

63 1415 123 1490 Ite,
147 1413 264 1496 quibus
286 1427 378 1496 grata
399 1427 446 1474 est
469 1416 558 1496 picta
580 1415 658 1498 lupa
679 1413 817 1476 barbara
836 1417 944 1480 mitra.
1059 1421 1063 1428 '

64 1537 206 1597 Rusticus
227 1535 286 1596 ille
307 1548 383 1595 tuus
403 1535 503 1595 sumit
524 1535 752 1633 trechedipna,
776 1534 921 1616 Quirine,

63 1656 101 1716 Et
120 1656 318 1718 ceromatico
338 1653 403 1715 sert
423 1655 581 1718 niceteria
603 1656 698 1718 collo.

62 1775 120 1836 Hic
133 1777 201 1838 alta
212 1775 368 1857 Sicyone,
390 1789 438 1836 ast
451 1775 507 1836 hic
524 1770 696 1856 Amydone
716 1775 846 1850 relicta,

61 1895 120 1958 Hic
133 1895 256 1971 Andro,
278 1897 337 1958 ille
351 1893 467 1970 Samo,
488 1894 543 1956 hic
558 1893 720 1958 Trallibus
742 1910 798 1958 aut
815 1895 1001 1974 Alabandis,
1042 1901 1101 1962 70·

60 1983 214 2098 Esquilias
231 2017 418 2097 dictumque
430 2028 547 2098 petunt
560 2035 579 2075 a
593 2017 715 2076 vimine
733 2017 868 2092 collem,

62 2136 187 2198 Viscera
203 2155 398 2218 magnarum
417 2134 577 2196 domuum
599 2135 785 2228 dominique
800 2135 913 2200 futuri.

63 2255 231 2339 Ingenium
245 2257 354 2330 velox,
377 2255 511 2316 audacia
532 2246 669 2336 perdita,¹
692 2274 796 2316 sermo

64 2375 223 2452 Promtus,
246 2389 279 2438 et
298 2375 387 2436 Isaeo
405 2375 589 2436 torrentior.
634 2373 719 2448 Ede,
742 2375 819 2454 quid
835 2375 933 2436 illum

64 2496 131 2557 Esse
144 2497 259 2580 putes?
283 2492 603 2576 quemvishominem
616 2513 727 2554 secum
743 2493 860 2556 adtulit
874 2497 915 2556 ad
926 2515 999 2558 nos:
1041 2494 1086 2562 75
1160 2555 1162 2560 .

66 2615 314 2690 Grammaticus,
336 2615 464 2691 rhetor,
487 2627 683 2698 geometres,
705 2616 830 2696 pictor,
854 2617 987 2698 aliptes,
1017 2645 1020 2650 ·

65 2721 183 2820 Augur,¹
207 2735 454 2811 schoenobates,
475 2736 638 2810 medicus,
660 2755 788 2818 magus:
811 2739 922 2807 omnia
931 2739 1033 2802 novit.
1151 2765 1154 2778 ¹

67 2854 237 2918 Graeculus
251 2858 391 2918 esuriens
409 2857 447 2918 in
467 2856 614 2931 coelum,
635 2857 775 2930 iusseris,
796 2856 867 2918 ibit.

64 2978 109 3037 Ad
121 2997 293 3052 summam,
312 2987 381 3038 non
393 2961 528 3038 Maurus
542 2989 613 3036 erat
627 2996 733 3057 neque
744 2975 1083 3054 sarmatanecThrar,

65 3095 124 3178 Qui
135 3099 251 3160 sumsit
263 3117 401 3180 pennas,
423 3097 538 3160 mediis
552 3095 612 3158 scd
621 3109 717 3156 natus
729 3096 874 3158 Athenis.
1042 3101 1085 3162 80

63 3216 185 3278 Horum
200 3238 259 3300 ego
273 3236 342 3278 non
354 3215 686 3300 fugiam-conchylia?
707 3213 764 3276 Me
776 3215 864 3296 prior
875 3214 935 3276 illo

64 3337 221 3421 signabit,
243 3337 408 3419 fultusque
421 3352 493 3399 toro
511 3339 650 3400 meliore
671 3333 840 3397 recumbet
937 3412 939 3421 .

63 3459 219 3536 Adventus
234 3459 393 3532 Romam,
416 3479 478 3540 quo
493 3479 598 3540 pruna
620 3470 654 3518 et
669 3469 800 3518 cottana
814 3455 933 3518 vento?

63 3576 166 3659 Usque
180 3578 262 3639 adeo
275 3578 360 3639 nihil
375 3591 436 3654 est,
459 3579 546 3660 quod
560 3591 671 3640 nostre
682 3577 822 3638 infantia
835 3576 964 3636 coelum

63 3667 177 3760 Hausit
189 3699 344 3760 Aventini
362 3698 442 3760 baca
462 3699 588 3762 nutrita
600 3697 740 3760 Sabina?
775 3724 776 3735 ¹
1044 3692 1087 3762 85

66 3815 165 3894 Quid,
189 3819 275 3898 quod
289 3817 442 3880 adulandi
457 3837 534 3900 gens
555 3817 807 3898 prudentissime
825 3815 937 3878 laudat

66 3934 250 3998 Sermonem
264 3939 408 4011 indocti,
427 3939 544 4006 faciem
560 3935 714 3998 deformis
728 3937 842 4009 amici,

68 4053 105 4114 Et
125 4059 260 4142 longum
277 4057 413 4120 invalidi
426 4057 548 4120 collum
570 4053 750 4118 cervicibus
771 4067 887 4136 aequat

427 4203 443 4320 κ’
