2648 4858
173 401 217 466 tn
239 401 281 466 ιι.
304 391 635 489 masmanna
651 398 842 464 sinain
862 403 888 466 ι.
977 405 1035 470 ιιι

47 577 104 658 quia
122 577 147 638 si
155 553 255 660 falso
278 573 319 636 ad
340 573 505 664 seqqentia
525 583 667 634 tractum
687 572 800 646 fuerit,
826 573 968 656 signator
986 577 1036 638 ni-
1101 551 1107 560 ⁴

45 695 80 756 hil
98 695 238 769 habebit,
260 715 322 776 quo
346 693 450 776 qualis*
467 691 524 759 ille
547 691 645 754 fateris
667 693 846 786 accuratius
868 693 1038 758 indicatur.

45 815 302 892 Quodtamanh.
325 815 496 874 luccesse
519 826 580 882 est;
607 827 775 894 praeterea
794 813 896 898 falso
930 814 971 876 ad
992 813 1038 876 sd.-

43 936 152 1014 quentia
171 935 312 996 relatum
341 945 471 1015 propter
498 935 636 1014 exiguis
662 933 789 996 tabuiis
820 934 946 996 nullam
972 925 1040 996 {bro

44 1056 94 1114 vim
112 1053 213 1116 habet.
257 1056 305 1114 Ac
327 1055 462 1114 minime
492 1052 573 1114 dura
602 1052 683 1114 haec
712 1052 842 1116 dicendi
868 1056 952 1116 sotio
981 1071 1039 1114 no·

43 1175 173 1236 manda
195 1187 256 1236 est:
279 1193 358 1234 nam
379 1175 534 1253 signator
549 1173 644 1255 falso
666 1193 725 1254 pro
747 1175 782 1236 in
793 1173 892 1258 falso
909 1176 930 1236 i.
954 1193 981 1236 e.
1003 1177 1039 1240 in

43 1294 109 1356 labis
138 1295 256 1366 tabulis
291 1313 358 1354 non
395 1274 505 1354 laedat
539 1291 701 1377 luvenalis
743 1295 912 1367 lectorem,
955 1295 1041 1376 apud

44 1433 119 1492 quam
138 1416 266 1476 omissio
288 1413 532 1496 praepositionis
546 1415 582 1475 in
595 1403 850 1492 frequentissima
872 1427 927 1478 est.
963 1413 1042 1476 nat-
1062 1449 1081 1474 ι

44 1551 99 1596 sun
111 1547 215 1598 antam
237 1534 426 1596 substantivi
448 1535 514 1593 vim
536 1532 568 1592 h.
589 1533 609 1592 l.
627 1523 799 1592 obtinetex
812 1533 1041 1594 consuetudine

44 1656 104 1728 aeti,
117 1669 151 1716 ut
165 1653 272 1716 Tacit.
290 1654 409 1758 Ηίιιοι.Ι
425 1653 531 1727 lib.II‚
547 1655 633 1718 cao.
656 1653 773 1712 Annal.
790 1653 844 1712 lib.
854 1653 939 1726 XIV,
954 1673 980 1714 c.
989 1655 1041 1728 40,
1068 1681 1071 1690 ·

45 1787 68 1831 st
85 1779 196 1840 crimen
209 1775 307 1861 falsi
328 1793 347 1834 a
368 1773 598 1835 iurisconsultis
628 1773 829 1852 potissimum
856 1774 891 1834 in
913 1793 966 1835 eos
988 1775 1041 1836 ad·

44 1891 158 1970 hibetun
182 1898 240 1978 qui
260 1907 489 1955 testamentum
505 1903 700 1973 supponunt.
729 1891 811 1952 Vide
835 1910 945 1974 quasa
966 1895 1042 1966 For,-

45 2014 98 2078 call.
115 2017 169 2076 sub
191 2015 226 2078 h.
249 2039 277 2080 v.
299 2017 336 2076 in
358 2016 462 2075 lexico
485 2013 620 2073 collecta
633 2025 717 2072 sunt.
746 2011 872 2093 Siquid
895 2033 1043 2096 augtnor,
1126 2089 1128 2094 Ι

43 2148 117 2210 poeta
128 2149 212 2196 tecte
226 2137 262 2196 in
276 2135 322 2196 M.
342 2133 502 2215 Regulum
518 2131 714 2192 causidicitm
729 2131 901 2206 invehitur,
924 2134 964 2194 de
979 2155 1042 2216 quo

42 2249 142 2314 Plinius
164 2257 255 2336 epist.
277 2255 333 2316 lib.
352 2254 393 2324 II,
417 2272 466 2332 ep.
483 2253 541 2320 20,
564 2252 626 2311 alia
648 2265 685 2314 ut
707 2255 870 2324 omittam,
892 2253 973 2314 haec
996 2257 1041 2318 di·
1121 2318 1123 2321 ,

18 2365 87 2430 ¹cit:
125 2376 270 2456 Adspice
286 2371 474 2453 Regulum,
505 2375 560 2452 qui
583 2393 626 2430 ex
650 2391 806 2450 paupere
821 2365 854 2434 et
877 2376 971 2434 tenni
996 2361 1042 2436 ad

43 2503 131 2554 tantas
150 2513 231 2576 opes
251 2513 313 2574 per
324 2491 471 2576 flagitia
492 2492 660 2572 processit.
690 2523 729 2534 --
775 2489 818 2551 Et
840 2491 988 2567 babebit,
1012 2497 1046 2554 si

42 2613 129 2688 modo,
151 2628 187 2677 ut
205 2614 330 2694 coepit,
353 2590 678 2674 aliena'testamenta
690 2609 793 2691 (quod
809 2625 859 2672 est
874 2614 1045 2702 improbis·¹

41 2731 135 2796 simum
147 2755 254 2820 gentas
254 2733 363 2816 salsi)
378 2731 475 2813 ipsit,
498 2751 634 2811 quornm
648 2745 724 2792 sunt
737 2729 808 2806 iila,
831 2732 1020 2796 dictaverit.

245 2940 266 3000 S
288 2940 315 3000 A
340 2938 368 3000 T
390 2938 405 2998 I
427 2937 456 2997 R
478 2938 503 2997 Α
549 2937 581 3009 1,
605 2958 647 3000 vs.
671 2941 820 3004 81-8a

88 3095 227 3156 ‹Censor
242 3096 289 3155 in
310 3092 445 3176 Ephem.
471 3091 539 3152 Ion.
569 3090 631 3151 litt.
661 3094 753 3174 April
762 3123 777 3166 ,·
807 3093 899 3160 1322.
926 3105 959 3158 ιτ.
987 3097 1041 3158 20.

40 3211 168 3276 ordinem
189 3216 308 3277 horum
340 3233 488 3274 versuum
509 3215 544 3273 in
575 3207 723 3274 omnibns
745 3233 817 3276 mss.
841 3225 872 3275 et
893 3213 1041 3276 editioni-

40 3328 85 3392 bus
105 3336 327 3417 pervulgatum
348 3336 394 3394 ita
415 3334 566 3394 mutavit:

72 3453 228 3544 Quidquid
244 3467 343 3536 agunt
357 3455 513 3528 homines,
537 3467 657 3526 votum,
676 3455 775 3516 timor
775 3437 864 3528 sira,
888 3454 1042 3536 voluptas,

73 3573 206 3651 Gaudia,
230 3576 402 3648 discursus,
425 3577 526 3636 nostri
548 3587 593 3634 est
615 3575 740 3654 farrago
763 3573 878 3636 libelli.

71 3691 108 3753 Et
129 3697 252 3776 quando
263 3663 405 3756 liberios
428 3697 578 3756 vitiorum
601 3671 713 3774 copia?
742 3692 886 3774 quando,

73 3811 116 3874 Ex
137 3837 209 3924 quo
219 3813 416 3888 Deucalion,
441 3810 563 3876 nimbis
585 3814 772 3873 tollentibus
796 3831 931 3892 aequor,
982 3848 988 3856 -

73 3915 199 4017 Navigio
221 3935 369 3996 montem
390 3913 530 3995 ascendit
559 3946 718 4011 sortesque
740 3929 936 4044 poposcit,
966 3907 972 3914 .

73 4050 288 4140 Paulatimque
312 4056 420 4117 anima
442 4034 617 4114 coluerant
629 4051 742 4112 mollia
764 4069 837 4111 saxa
