2648 4858
185 491 207 508 ,.
283 407 718 482 surrmxr.
846 473 848 483 ,
1001 412 1046 482 os
1117 391 1119 396 '

33 587 157 651 Aemula
177 583 303 646 Picenis
323 596 356 644 et
377 584 482 650 odoris
500 581 590 672 rnala
608 585 765 660 recentis,
806 599 822 628 ⁴

7 759 9 796 ,
34 709 91 770 Nec
111 704 287 768 metuenda
307 703 384 778 tibi,
414 700 570 766 siccatum
591 703 709 788 frigore
731 704 917 790 postquam'
1002 705 1047 784 76

33 831 245 890 Auctumnum
266 835 298 886 ot
320 825 412 886 crudi
433 845 566 908 posuere
587 824 732 906 pericula
749 825 845 887 succi.

33 950 110 1010 Haec
130 947 215 1024 olinr
236 947 338 1010 nostri
358 947 425 1014 iam
444 946 607 1006 luxuriosa
628 958 754 1008 senatus

36 1068 134 1128 Coena
153 1065 227 1125 fuit.
247 1115 251 1124 .
271 1066 401 1140 Curius,
423 1087 520 1146 parvo
544 1085 625 1146 quae
646 1065 769 1148 legerat
790 1065 903 1140 horto,
960 1121 963 1129 .

22 1188 96 1270 ‘Ipse
116 1185 195 1246 iocis
216 1184 366 1246 brevibus
387 1187 527 1266 ponebat
550 1186 709 1260 oluscula,
733 1196 814 1268 quae
836 1207 949 1272 nunc!

33 1281 191 1389 Squalid'us
211 1308 248 1368 in
269 1325 386 1387 magna
407 1305 527 1366 fastidit
549 1305 705 1386 compede
733 1306 849 1379 fossor,
1003 1307 1047 1379 ‘80
1110 1287 1122 1300 κ
1207 1387 1210 1400 '

35 1429 89 1509 Qui
107 1428 283 1501 meminit„
297 1425 418 1488 calidae
439 1428 540 1506 sapiet
561 1425 639 1506 quid
653 1426 756 1504 ,vulva
778 1427 929 1508 popinae.

33 1549 107 1612 Sicci
127 1563 220 1630 terga
241 1547 321 1620 suis,
342 1565 414 1615 rara
435 1547 609 1628 pendentia
634 1558 739 1618 crate,

36 1669 123 1730 Moris
146 1680 217 1730 erat
239 1665 402 1748 quondam
422 1665 508 1728 festis
528 1669 654 1730 servare
676 1665 789 1744 diebus

34 1791 69 1852 Et
86 1789 272 1851 natalitium
295 1787 435 1868 cognatis
456 1786 744 1868 ponerelardunr,

34 1910 205 1972 Accedente
226 1925 326 1980 nova,
348 1907 375 1966 si
396 1925 494 1986 quam
516 1905 613 1968 dabat
630 1901 745 1982 hostia,
764 1927 874 1972 carne.
983 1914 1049 1982 „85

36 2030 244 2114 Cognatorum
266 2027 379 2108 aliquis
399 2026 495 2088 titulo
515 2039 566 2099 ter
585 2024 733 2088 Consulis
755 2039 851 2110 atque

35 2149 211 2212 Castrorum
230 2147 375 2228 imperiis
398 2159 431 2206 et
452 2145 625 2207 Dictatoris
647 2144 773 2208 honore
876 2147 879 2154 ’

22 2270 182 2354 donnus,
201 2267 245 2328 ad
265 2266 321 2328 bat
343 2265 454 2347 epulas
473 2264 566 2326 solito
587 2267 746 2326 maturius
767 2265 851 2339 ibat,

34 2391 179 2452 Eiectum
201 2387 324 2450 domito
345 2385 485 2446 referens
507 2404 526 2444 a
547 2395 658 2446 monte
675 2384 830 2465 ligonem.
878 2457 880 2462 ,

33 2511 136 2590 Quum
156 2475 333 2573 tremerent
348 2519 458 2566 autem
477 2502 591 2563 Fabios
605 2493 786 2586 durumque
805 2505 963 2573 Catonem
1006 2503 1050 2580 90

36 2629 70 2690 Εῑ
89 2631 225 2692 Scauros
247 2641 280 2690 et
301 2626 478 2700 Fabricios,
500 2637 661 2706 postremo
682 2644 807 2690 severos
839 2643 841 2650 ·
898 2670 902 2680 =
989 2653 994 2672 ·

36 2751 174 2812 Censoris
195 2767 300 2810 mores
323 2748 422 2814 etiam
443 2746 566 2828 collega
586 2747 741 2808 tirnerets

35 2869 130 2930 Nemo
152 2872 240 2940 inter
261 2888 352 2928 curas
375 2881 407 2927 et
428 2868 509 2928 seria
530 2866 621 2928 duxit
643 2847 844 2947 habendum,
883 2905 887 2914 ·

37 2991 139 3071 Qualis
161 2990 199 3052 in
221 2989 344 3050 Oceani
364 2988 467 3048 fluctu
487 2973 611 3047 'testudo
633 3001 777 3062 nataret,

36 3072 164 3173 (librum
184 3091 374 3192 Troiugenis
394 3107 520 3170 factura
540 3127 576 3168 ac
597 3106 708 3170 nobile
728 3107 886 3170 fulcrum:

37 3230 94 3295 Sed
114 3233 202 3294 nudo
225 3231 325 3296 latere
348 3239 381 3289 et
401 3229 506 3310 parvis
528 3227 612 3288 frons
634 3247 728 3288 aerea
749 3227 841 3292 lectis

37 3351 102 3414 Vile
125 3316 273 3414 coronati
294 3362 391 3432 caput
413 3337 598 3410 ostendebat
621 3345 728 3425 aselli,

40 3474 85 3533 Ad
106 3473 192 3554 quod
212 3473 323 3545 lascivi
344 3470 501 3531 ludebant
521 3471 600 3541 uuis
621 3471 757 3531 alumni.

39 3567 124 3654 ‘iales
147 3612 223 3676 ergo
246 3593 328 3664 cibi,
351 3589 452 3671 qualis
475 3591 586 3650 domus
607 3603 703 3672 atque
723 3588 877 3672 supellex.

39 3693 126 3772 Tunc
146 3713 234 3779 rudis
257 3725 289 3772 et
313 3709 425 3770 Graias
446 3711 559 3770 mirari
577 3711 702 3772 nescius
724 3725 824 3786 artes,
993 3713 1055 3777 100

42 3832 173 3894 Urbibus
196 3833 327 3906 evertis,
351 3831 543 3912 praedarum
564 3832 598 3890 in
618 3833 709 3913 parte
731 3843 858 3912 seperta
903 3873 906 3880 .

41 3949 233 4034 Magnorum·
249 3949 414 4036 artificum
434 3949 600 4032 frangebat
620 3952 738 4034 pocula
758 3951 868 4023 miles,

43 4069 82 4130 Ut
101 4073 240 4154 phaleris
263 4071 419 4176 gjuderet
440 4058 554 4187 eqttus,
577 4073 759 4152 caelataque
773 4071 873 4175 cassis
