2648 4858
1060 328 1066 364 Ι
1127 305 1130 325 l

278 451 341 512 too
513 477 516 484 -
566 443 727 526 ΜΕΝ.
750 431 1028 520 intestatis
1058 481 1062 490 ·

182 651 184 659 2
218 603 223 615 Ι
281 621 371 682 Mola·
393 620 582 700 piger‚·nec
604 617 744 697 finitima
765 621 904 696 nutritus
926 595 1122 690 imberba(

282 740 382 800 Laeta
403 738 457 798 sed
480 740 648 808 ostendens
668 739 830 802 Clitumni
851 759 969 820 pascua
990 713 1116 819 sanguis

282 860 349 922 Iret
371 871 402 924 et
426 879 444 918 a
466 859 579 939 grandi
602 861 707 920 cervix
725 859 870 920 ferienda
891 861 1038 922 ministro

284 981 335 1042 ob
356 979 497 1040 reditum
520 979 708 1058 trepidantis
732 978 837 1040 adhuc
859 979 1083 1059 horrendaque
1103 979 1190 1060 passi
1265 979 1298 1045 15

282 1101 394 1184 Nuper
417 1110 449 1158 et
469 1098 670 1161 incolumem
692 1119 757 1162 sese
779 1101 926 1164 mirantis
952 1099 1059 1162 arnici.
1319 1136 1320 1220 p

197 1271 198 1280 ,
284 1221 370 1282 Nam
391 1231 519 1300 praeter
539 1219 646 1300 pelagi
669 1226 766 1295 casus,
788 1235 821 1282 et
841 1221 975 1301 fulguris
1001 1221 1106 1280 ictum
1138 1302 1140 1308 Α

284 1341 401 1402 Evasit.
424 1338 550 1398 Densae
573 1339 702 1400 coelum
724 1339 919 1402 abscondere
942 1339 1095 1425 tenebrae

284 1451 467 1528 Νιὼευῃα
489 1459 850 1540 subitusqueantennas
871 1459 1003 1542 impulit
1024 1460 1124 1540 ignis,

286 1582 397 1664 Quum
418 1600 450 1640 se
474 1584 604 1659 quisque
626 1581 685 1640 illo
708 1599 893 1661 percussum
915 1579 1059 1640 crederet
1081 1591 1113 1638 et
1135 1599 1213 1640 mox
1267 1566 1321 1648 tol

285 1702 456 1762 Attonitus
470 1698 600 1782 mallum
614 1699 762 1760 'conferri
783 1719 874 1784 posse
902 1712 1030 1780 putaret
1233 1687 1245 1699 ⁸
1320 1667 1321 1702 ζ

284 1818 499 1898 Naufragium
521 1819 599 1878 velis
622 1819 816 1883 ardentibus.
860 1819 980 1880 Omnia
1001 1819 1086 1882 fiunt

281 1937 397 2013 ‚Taliap
417 1951 487 1998 tam
509 1909 662 2017 graviter,
686 1956 783 2017 quam
807 1939 934 2017 quando
956 1941 1082 2020 poetica
1104 1942 1207 2023 attigit

286 2057 317 2119 T
319 2070 491 2140 empestass
530 2055 639 2116 Genus
662 2077 737 2144 ecce
760 2055 850 2121 aliud
871 2057 1076 2122 discriminis:
1099 2062 1177 2124 audi
1203 2045 1207 2058 ⁵

287 2180 332 2243 Et
351 2179 503 2240 miserere
524 2179 655 2253 itemm,
677 2197 873 2260 quamquain
894 2179 958 2238 sint
980 2192 1087 2240 cetera
1107 2184 1202 2244 sortis
1269 2171 1322 2244 tt

288 2299 457 2364 Eiusdem:
479 2317 550 2378 pars
574 2297 642 2358 dira
665 2300 812 2380 quidem,
834 2299 890 2361 sed
912 2301 1186 2380 cognitamultis,
1213 2335 1216 2342 ·

288 2423 340 2501 Et¹
353 2437 450 2501 quam
471 2418 580 2508 vpotiva
600 2429 760 2480 testantur
781 2419 857 2480 fana
877 2417 999 2480 tabella
1068 2427 1070 2432 '

288 2541 442 2603 Plurima.
489 2539 631 2600 Pictores
654 2541 723 2620 quis
743 2541 847 2600 nescit
868 2539 909 2599 ab
931 2537 1014 2599 Iside
1036 2541 1145 2626 pasci?

289 2661 418 2722 Accidit
440 2673 473 2720 et
494 2673 603 2755 nostro
616 2631 738 2752 ¹similis
760 2659 891 2720 fortuna
917 2657 1056 2720 Catullo.

293 2781 404 2860 Quum
425 2780 538 2859 plenus
559 2769 662 2838 fluctu
682 2780 807 2840 medius
828 2780 911 2840 foret
933 2777 1040 2839 alveus
1063 2791 1096 2839 et
1117 2781 1200 2857 iam,
1273 2783 1305 2843 30

292 2902 467 2968 Alternum
488 2900 602 2979 puppis
624 2899 706 2962 latus
729 2902 944 2972 evertentibus
967 2899 1059 2958 undis
1120 2957 1124 2966 ,
1155 2913 1158 2920 ’

292 3019 424 3082 Arboris
445 3011 603 3094 incertae,
626 3022 753 3082 nullam
774 3022 946 3102 prudentia
968 3020 1041 3078 cani

292 3141 439 3202 Rectoris
462 3139 621 3203 conferret
642 3161 754 3224 opem:
772 3139 925 3233 ¹decidere
948 3115 1034 3200 iactu
1132 3197 1137 3206 ,

294 3260 410 3342 Coepit
432 3281 507 3320 cum
529 3265 657 3336 ventis,¹
670 3264 815 3351 inritatus
837 3273 973 3334 castora,
998 3261 1052 3339 qui
1072 3275 1106 3321 ss

292 3380 490 3443 Eunuchum
511 3383 579 3463 ipse
601 3383 695 3456 facit,
718 3383 848 3460 cupiens
872 3379 1006 3440 evadere
1030 3365 1149 3440 damno
1275 3369 1305 3437 35

294 3499 465 3563 Testiculi:
488 3504 567 3564 adeo
590 3503 788 3562 medicatum
809 3467 963 3580 inteiligit
983 3499 1115 3578 inguen.

294 3622 450 3696 Fundite,
481 3641 562 3703 quae
584 3633 769 3695 mearunt,
792 3619 937 3701 dicebat,
961 3631 1078 3684 cuncta
1099 3603 1256 3694 Catullus,

293 3741 510 3827 Praecipitare
532 3739 642 3806 volens
664 3742 763 3828 etiam
783 3741 998 3822 pulcerrima,
1021 3751 1144 3800 vestem

294 3859 511 3944 Purpuream,
533 3861 651 3922 teneris
674 3879 799 3941 quoque
820 3859 1063 3924 Maecenatibus
1085 3873 1215 3940 aptam,

291 3984 398 4086 Atqpe
421 3982 515 4053 alias,
542 4001 679 4061 quarum
701 3983 847 4063 generosi
869 3981 1020 4062 graminis
1042 3980 1150 4058 ipsum
1274 3971 1306 4034 40

295 4101 412 4166 Infecit
434 4115 550 4164 natura
562 4091 682 4182 ‘poene
694 4103 761 4162 *sed
782 4103 979 4183 aegregius
1000 4097 1071 4160 fons
