2676 4860
267 400 333 466 sse
390 421 398 488 χ
579 394 983 482 ΑΝΝοτΑτιοΝΕε

264 537 411 661 'pressam
429 571 585 652 videmus,
596 569 664 632 ¹abd
683 572 802 645 mendo
817 569 942 634 laborat
955 572 1063 646 locus,
1086 589 1150 650 quo
1168 585 1282 632 remoto

215 681 216 688 '
242 769 245 778 Α
269 692 369 758 etiam
401 690 464 752 alia
491 689 710 770 interpunctio
745 693 922 760 necessaria
956 693 1027 752 erit.
1079 691 1284 771 Participium

268 811 365 874 evasi
386 829 581 892 quamquam
603 811 694 872 codd.
719 825 787 876 tam
808 811 1034 884 multitudine,
1065 831 1165 891 quam
1186 825 1284 872 aucto·

267 931 364 992 ritate
387 929 613 1006 confirmatur,
636 932 746 994 tamen
766 931 941 1004 barbatum
963 929 1048 992 dicas
1076 917 1174 1012 atque
1203 933 1286 992 inau-

177 1076 186 1090 s
269 1049 388 1118 ditum.
432 1050 493 1114 Ms.
515 1049 617 1115 Isaaci
637 1053 739 1114 Vossii
761 1063 793 1112 et
808 1051 936 1115 Pithoni
951 1022 1050 1113 habet
1064 1053 1188 1124 evasit,
1211 1052 1285 1132 quod

106 1213 111 1236 ,
173 1175 175 1182 ’
270 1189 549 1232 assumerenemo
573 1171 751 1245 dubitabit,
782 1173 846 1232 nisi
877 1173 930 1232 cui
952 1173 1037 1232 vitiis
1060 1171 1155 1232 codd.
1180 1171 1284 1232 adbae

248 1307 342 1356 'rere
364 1267 500 1372 ¹placeat.
545 1290 639 1352 Nunc
659 1311 735 1379 vero
756 1303 826 1352 tota
839 1292 1018 1366 immutata
1039 1303 1086 1350 est
1102 1289 1202 1352 facies
1223 1292 1280 1360 loci.

261 1419 304 1498 yet
325 1409 498 1472 immutata
520 1411 723 1490 aliquantum
733 1411 907 1481 verborum
920 1393 1094 1474 sententia,
1133 1409 1190 1472 Ita
1210 1412 1283 1472 enim

265 1511 347 1593 ¹cum
369 1530 434 1592 illis
457 1531 548 1593 codd.
571 1528 707 1595 scribas:

276 1727 280 1732 ·
312 1699 398 1759 Nam
417 1699 546 1781 praeter
566 1699 674 1783 pelagi
696 1719 783 1760 casus
806 1714 838 1761 et
859 1701 1003 1763 fulminis
1025 1702 1130 1762 ictum

316 1819 435 1880 Evasit.
469 1803 746 1880 Densae'coelum
769 1819 962 1882 abscondere
984 1821 1140 1884 tenebrae

312 1935 410 1998 Nube
430 1958 496 2000 una
518 1939 702 2022 subitusque
725 1955 878 2002 antennas
899 1942 1030 2022 impulit
1051 1945 1152 2024 ignis,

269 2108 378 2172 Evasit
407 2111 552 2172 Catullus
579 2131 648 2172 non
677 2112 774 2172 modo
796 2115 894 2174 masis
919 2087 1078 2196 panicula,
1106 2114 1166 2174 sed
1194 2115 1286 2174 etiam

268 2229 447 2302 fulminum
467 2233 559 2294 ictus.
601 2231 763 2294 Pasticula
794 2245 828 2294 et
856 2231 890 2294 h.
921 2233 943 2294 l.
964 2233 1053 2294 idem
1075 2233 1286 2314 quodetiam,

238 2401 245 2436 χ,
269 2364 308 2412 ut
329 2352 396 2412 iam
417 2349 577 2433 R‘upertus
600 2351 834 2424 animadvertit,
856 2353 915 2414 etsi
932 2353 1096 2434 vulgatam
1113 2353 1286 2414 lectionem

264 2471 396 2540 tatione
426 2471 573 2550 quidem,
603 2471 660 2532 sed
685 2491 752 2532 non
779 2471 961 2552 probanda,
988 2474 1115 2536 retinet.
1161 2472 1286 2534 Deinde

268 2591 400 2670 incepta
423 2611 442 2652 a
463 2590 567 2652 verbis
589 2591 724 2654 Densae
743 2591 867 2654 coelum
880 2605 939 2654 etc.
962 2557 1162 2676 tempestatis
1183 2611 1287 2654 narra-

269 2711 375 2784 tione,
401 2711 499 2794 ignis,
522 2712 583 2791 ¹qui
604 2710 709 2774 subito
738 2713 774 2772 in
802 2725 956 2776 antennas
985 2712 1118 2782 incidit,
1148 2733 1221 2774 non
1246 2726 1287 2772 est

269 2829 404 2895 flamma
423 2831 585 2902 Helenae,
614 2833 703 2892 cuius
730 2845 820 2894 tanta
840 2833 881 2892 sit
894 2831 949 2895 'vis
975 2833 1135 2906 incendii,
1164 2847 1204 2894 ut
1224 2853 1286 2894 ma·

215 3015 223 3038 ἣ
269 2949 341 3012 lum
366 2964 399 3012 et
426 2970 542 3011 navem
570 2951 759 3032 pertundat,
792 2951 847 3012 sed
873 2951 998 3014 fulmen
1022 2972 1212 3038 coruscum,
1241 2953 1287 3014 cui

241 3077 244 3094 ’
269 3073 370 3132 etiam
397 3073 563 3154 sequentia
598 3071 657 3131 illo
687 3087 875 3159 percussum
910 3074 1051 3150 manime
1082 3075 1286 3137 conveniunt

271 3192 356 3254 Nam
367 3191 517 3276 fulmine
540 3192 674 3272 percuti
690 3187 827 3271 vulgaris
849 3189 946 3254 dictio
968 3205 1023 3253 est.
1066 3193 1191 3273 Neque·
1204 3194 1287 3254 sebo

270 3311 375 3372 liastes
405 3311 505 3372 aliam
525 3310 673 3398 babuisse
700 3295 827 3378 videtur
842 3311 1098 3394 'interpungendi
1118 3313 1286 3382 rationem,

271 3433 348 3510 quia
368 3430 467 3530 verba
487 3429 616 3492 subitus
638 3431 727 3511 ignis
749 3431 796 3492 ita
816 3431 967 3514 explicat:
982 3428 1133 3508 ,Fulmen
1159 3431 1286 3512 impulit

146 3602 148 3610 .
230 3577 232 3592 .
269 3537 433 3613 antennas
457 3569 529 3612 cnm
567 3547 661 3645 celis.
703 3549 752 3610 cf.
785 3552 885 3612 etiam
911 3551 1101 3617 Cremeram
1127 3552 1170 3616 ad
1193 3552 1284 3622 'bunt

173 3660 184 3682 ‘
220 3749 223 3762 N
269 3670 389 3732 locum.
