2642 4850
255 405 324 472 aas
515 391 999 466 ‘adnotamentis
1062 396 1066 430 ²
1157 359 1165 431 1

254 585 322 649 rae,
341 591 452 636 rerum
473 540 624 647 fictaimm
636 541 791 645 {auctores
814 584 846 634 et
868 571 1036 644 eiusmodi,
1058 589 1133 652 quos
1151 563 1267 632 roscen

177 733 181 739 ·
256 695 319 760 lini
341 695 377 754 in
398 694 491 754 lexic.
514 696 691 757 Amadisios
707 675 740 754 et
761 693 918 754 similium
939 687 1108 772 scriptores
1130 693 1265 774 appellat,

257 817 304 878 ita
325 828 454 886 temen,
485 827 522 876 ut
551 829 683 876 nomen
696 815 852 894 aretalogi
872 786 912 876 iii
932 813 1032 872 semel
1052 812 1192 873 inditum
1211 833 1288 904 non·

174 959 175 962 ¹
257 936 436 998 tolleretur.
483 913 635 995 (bonseias
659 955 727 1010 eos,
761 935 817 1016 qui
845 914 970 995 aSam.
991 932 1118 992 Petisco
1146 925 1186 993 ad
1204 932 1266 994 Sue

259 1068 328 1151 ton.
350 1055 373 1118 l.
388 1055 418 1131 l.
442 1027 631 1119 afferuntur.

263 1203 271 1338 ⁹.
354 1224 356 1232 J
461 1231 1131 1348 samnavavsonaqs

264 1401 282 1470 s
343 1413 492 1476 Mulieris
513 1417 669 1479 in‘arena
694 1415 740 1476 ad
761 1415 874 1496 palum
904 1414 1089 1475 exercitatio
1118 1410 1172 1472 his
1192 1409 1266 1468 versi·

259 1535 319 1618 bus
342 1535 545 1598 describitur:

264 1699 270 1714 .
302 1656 456 1739 Adspice,
479 1674 542 1737 quo
566 1653 697 1715 fremitu
717 1667 910 1732 monstratos
931 1653 1071 1734 perferat
1091 1652 1176 1714 ictus
1198 1671 1201 1677 ·

291 1774 343 1836 ,Et
366 1788 485 1856 quanto
508 1774 619 1866 galeae
642 1761 793 1851 curvetur
813 1775 981 1865 pondere,
997 1785 1118 1854 quanta
1148 1826 1152 1834 .
1226 1798 1233 1804 ·

219 1899 222 1920 ‘
266 1919 270 1944 ι
300 1893 483 1976 Poplitibus
504 1893 629 1968 sedeat,
646 1913 749 1975 *quam
771 1895 867 1954 denso
889 1893 987 1954 fascia
1008 1893 1110 1966 libro,

194 2096 196 2104 Ι
267 2059 273 2072 .
303 2013 346 2074 Et
367 2013 453 2088 ride,
477 2006 646 2094 scephium
668 2015 777 2098 positis
794 2001 900 2096 «quum
921 2015 1066 2084 sumitur,
1082 2013 1188 2072 armis.

261 2133 324 2196 Pro
351 2125 495 2218 fremitu
518 2135 729 2196 Marklandus
751 2136 792 2195 ad
813 2135 891 2196 Stat.
918 2154 989 2216 pag.
1016 2137 1087 2198 105.
1110 2152 1138 2192 a.
1160 2129 1277 2212 gemitu

173 2270 175 2274 ·
216 2259 218 2267 ’
259 2233 383 2336 posuit,
397 2255 486 2318 illius
507 2255 745 2344 vim„ferociae
765 2255 910 2348 mulieris
925 2257 967 2316 ,in
988 2273 1098 2346 pugna
1118 2251 1275 2312 ostenden-

263 2376 324 2438 dae
343 2377 449 2437 multo
472 2378 641 2457 aptiorem,
662 2395 730 2436 non
752 2376 1019 2436 animadvertens.
1054 2374 1111 2434 Est
1125 2373 1277 2432 enimira·

147 2567 154 2574 ,
261 2499 302 2592 tis
333 2510 366 2558 et
393 2497 575 2560 furibundis
604 2495 798 2558 animalibus
827 2496 1012 2576 proprium,
1039 2493 1178 2573 ideoque
1203 2491 1277 2552 bene

261 2616 453 2678 transfertur
491 2617 533 2706 ad
568 2617 742 2678 mulierem
778 2633 906 2696 pugnae
943 2613 1057 2676 ardore
1096 2612 1276 2674 ferventem.

265 2735 355 2798 Infra
376 2755 422 2799 vs.
440 2737 523 2800 ¹266.
552 2736 588 2798 id
610 2736 744 2796 demum
765 2735 922 2816 sequitur,
951 2733 1037 2814 quod
1060 2733 1182 2814 Anglus
1208 2731 1238 2792 h.
1257 2731 1277 2790 l.

260 2856 446 2918 inconsulto
469 2855 668 2919 desideravit.
711 2855 780 2916 Nec
800 2854 903 2938 probo
928 2853 1093 2916 Mansonis
1114 2851 1276 2913 verborum

221 2991 223 2996 '
260 2969 466 3060 iuntturam‚
485 2990 620 3058 'quanta
640 2975 755 3060 fascio
781 2973 964 3057 poplitibus
987 2973 1103 3034 sedeat
1130 2985 1165 3035 et
1191 2991 1277 3054 quam

265 3097 367 3160 denso
380 3097 483 3168 libro,
507 3115 569 3178 qua
589 3097 696 3178 imago
724 3095 868 3157 mulieris
895 3070 1113 3169 advfrsarium
1133 3091 1276 3163 ferientis,

184 3253 186 3260 ν
234 3209 236 3220 “
265 3228 298 3277 et
319 3235 428 3277 rursus
456 3217 497 3276 ad
525 3217 686 3299 impetum
715 3217 781 3278 eius
810 3213 1036 3296 excipiendum
1062 3231 1132 3272 sese
1156 3231 1277 3294 praepa·

266 3337 366 3396 rantis
389 3337 516 3415 egregie
537 3337 702 3420 proposita
721 3338 816 3418 perit.
836 3345 838 3360 ⁴
860 3335 944 3394 Nam
974 3353 1068 3394 versu
1087 3333 1151 3419 261
1175 3353 1211 3393 ea
1230 3331 1276 3392 ad-

266 3454 444 3515 versarium
466 3449 612 3518 adoriens
635 3467 784 3537 apparet,
806 3453 1010 3533 sequentibus
1030 3455 1098 3536 ipsa
1120 3465 1230 3536 parata
1243 3451 1278 3511 ad

266 3575 333 3636 eius
354 3575 530 3666 incursum.
574 3573 714 3662 ¹Quanta
735 3571 921 3652 poplitibus
945 3563 1061 3636 sedeat
1082 3573 1115 3634 h.
1139 3593 1166 3633 e.
1189 3593 1277 3653 quan-

266 3704 388 3774 topere
403 3709 515 3776 corpus
539 3691 689 3768 extendat
717 3711 811 3759 ¹more
834 3693 1049 3774 gladiatorum
1076 3693 1210 3774 genibus
1230 3691 1277 3752 fle

193 3888 195 3893 ,
267 3815 330 3888 xis,
354 3797 560 3903 altero‘pede
579 3811 738 3904 proiecto,
759 3813 815 3872 sed
835 3815 895 3886 ite,
917 3827 955 3873 ut
976 3833 1067 3887 eum,
1089 3825 1184 3893 prout
1204 3815 1276 3873 ictus

267 3913 441 3997 adversarii
461 3934 581 3994 evitare
602 3916 715 4007 vellet,
744 3945 907 4007 moveret,
935 3934 1061 3994 sinistro
1090 3945 1199 3992 autem
1228 3935 1276 4006 ini·

269 4065 374 4132 moto,
387 4065 441 4138 et,
462 4065 501 4114 ut
520 4051 645 4116 firmius
665 4064 747 4114 stare
769 4065 883 4134 posset,
906 4053 1032 4114 corticis
1053 4052 1208 4132 ligamine
1221 4055 1274 4112 cin·
