2706 4860
977 501 979 504 .
1060 461 1109 507 Vll

85 629 130 672 nes
149 612 187 672 in
210 625 290 669 eum
313 607 412 678 viru,
442 621 579 674 omnem,
603 613 739 686 operatu
767 623 806 672 ec
834 611 979 674 studium
1001 611 1108 674 eonfe-
1206 667 1209 676 .

81 727 169 774 runt:
199 731 283 793 quae
304 707 443 772 felicitat
464 711 492 772 si
512 721 681 792 praeterea
701 713 796 772 uestis
818 713 1010 792 quibusdam
1031 717 1109 778 iuri-

81 820 133 878 bus
156 815 314 877 concessit
335 815 531 896 adaugetur,
544 813 713 874 sociorum
728 813 983 878 docendilebor
1002 821 1108 884 mani·
1175 826 1182 846 '

79 923 152 982 letto
166 937 234 981 non
245 919 639 1000 semperprosperrimtun
646 929 802 978 eventum
815 917 924 980 habet.
948 921 1108 986 Omnium
1167 927 1170 933 “

12 1048 13 1058 2
78 1035 182 1084 antem
202 1021 452 1101 disciplinantur
480 1032 526 1080 eet
557 1021 717 1100 quaedam
744 1022 831 1082 inter
852 1041 885 1084 ee
908 1025 1107 1100 coniunctio,
1214 1051 1218 1060 ·

78 1139 106 1184 et
128 1127 227 1186 altera
249 1125 383 1185 alterius
403 1123 520 1186 nititur
542 1123 765 1200 fundamento,
789 1125 943 1188 omnibus
962 1147 1036 1190 snus
1058 1142 1107 1190 est

78 1227 181 1301 houm
202 1245 299 1329 suupr
321 1225 480 1307 pretinm:
503 1245 611 1307 quare,
632 1241 671 1288 ut
692 1247 749 1290 eae
773 1231 915 1306 interae,
936 1243 1106 1314 tamquam

13 1396 17 1413 Ι
76 1347 208 1404 emeres,
226 1330 398 1410 copulatae
419 1342 512 1404 tunt,
542 1331 590 1390 ita
616 1329 691 1402 TU,
728 1329 805 1392 VIR
825 1333 898 1396 MA
906 1333 1104 1412 ΟΝΙΕΙΟΕ,

12 1494 17 1525 ι
77 1453 134 1512 quo
155 1433 260 1494 studia
281 1426 393 1494 tioetra
413 1434 450 1494 in
472 1432 539 1494 diet
561 1434 678 1494 laetius
699 1432 953 1511 efflorescerent,
975 1457 1105 1518 praece·

75 1549 189 1615 ptores,
221 1537 430 1618 aequalitate,
468 1555 549 1618 quae
576 1538 661 1599 iusta
692 1551 831 1618 aptaque
859 1541 917 1614 tit,
954 1540 1104 1614 adducta,

13 1668 14 1702 ³
76 1635 208 1698 fraterno
224 1641 367 1720 quodam
382 1642 536 1720 oonitmgi
553 1642 671 1701 amoris
688 1641 819 1702 vinculo
833 1644 1032 1724 exoptavisti.
1054 1645 1103 1706 Ae

77 1756 165 1801 nemo
187 1745 262 1818 erit,
298 1745 377 1824 quin
398 1743 462 1804 hoc
483 1744 670 1804 institutum
692 1744 903 1804 utilissimum
923 1757 1035 1826 putet,
1064 1761 1102 1808 nt

13 1849 14 1858 ³
78 1863 136 1903 non
155 1847 195 1906 ab
217 1850 380 1929 aequitate
402 1859 634 1928 praeceptum,
655 1847 712 1908 ted
734 1847 774 1908 ab
797 1850 867 1929 ipse
887 1849 1031 1910 utilitate
1053 1869 1102 1912 re·

79 1963 196 2028 pentum
217 1951 376 2011 videatur.

151 2053 275 2112 Eodem
295 2052 369 2112 loco
391 2053 527 2114 tertium
550 2053 691 2134 denique
721 2053 920 2116 habendum·
935 2067 983 2120 est
1004 2057 1101 2118 bene·

79 2151 187 2230 licium,
221 2156 310 2238 quod
335 2153 400 2216 TU
421 2157 529 2236 ipsum
550 2155 644 2218 nobis
663 2159 828 2240 attulisti,
860 2177 964 2240 quum
987 2160 1101 2223 adres

84 2253 157 2318 lna
178 2257 353 2340 Gymnasii
372 2259 410 2320 in
445 2275 620 2321 commune
643 2257 871 2322 consultandus
901 2277 1100 2324 conventum

81 2375 310 2444 praeceptorum
330 2343 519 2434 instituisti,
550 2383 615 2442 quo
635 2363 733 2443 longe
754 2364 858 2424 mains
879 2367 1097 2445 praeceptori·

14 2503 15 2508 η
79 2461 125 2524 ius
144 2466 239 2526 decus
262 2467 465 2548 ampliorque
489 2465 668 2546 Gymnasio
688 2465 826 2546 dignitas
841 2467 1018 2539 accederet,
1042 2467 1097 2528 be·

14 2561 15 2572 ’
76 2565 230 2642 aeficium,
265 2571 416 2648 inquam,
446 2568 533 2648 qnod
562 2569 625 2630 suit
655 2585 689 2628 se
712 2569 891 2632 commodis
913 2571 989 2632 satis
1010 2589 1097 2635 com·

14 2654 15 2717 ἶ
75 2671 207 2746 mendet,
242 2673 410 2752 magisque
438 2672 476 2732 in
505 2670 572 2732 diet
602 2691 635 2733 se
665 2673 928 2760 commendabit,
957 2675 1095 2736 simulac
1159 2709 1162 2716 ·

14 2762 15 2835 ]
74 2789 169 2832 resera
202 2775 291 2835 istud
326 2775 512 2834 institutum
548 2775 722 2838 certiorem
760 2776 925 2856 quandam
952 2777 1096 2840 formam
1179 2793 1183 2800 ¹

13 2848 18 2881 r
73 2878 233 2955 acceperit:
256 2895 320 2956 qua
342 2875 383 2934 de
403 2897 440 2938 re
461 2878 613 2958 equidem
634 2896 703 2938 non
727 2877 946 2943 dubitandum
969 2901 1094 2957 censeo,
1131 2879 1135 2886 ’

73 2993 161 3053 quum
191 2979 241 3043 Cl.
272 2979 505 3042 Gernhardum
533 2980 711 3042 habeamus
746 2983 990 3044 moderatorem
1025 2986 1093 3045 eius

12 3086 13 3095 ’
70 3083 233 3158 optimum,
262 3083 549 3159 humanissimum,
581 3097 614 3144 et
635 3086 785 3146 omnium
818 3087 953 3146 utilium
981 3105 1094 3148 retum

11 3198 15 3247 t
72 3193 96 3237 tt
114 3183 440 3266 intelligentissimus
461 3200 494 3248 et
516 3189 785 3248 amantissimum.
1089 3264 1091 3272 y

11 3298 14 3307 ·
139 3285 200 3348 His
220 3291 335 3362 tantis,
367 3287 482 3367 quibus
513 3311 563 3352 res
584 3303 709 3352 nostras
730 3291 840 3352 levare
861 3291 1028 3367 studuisti,
1057 3307 1091 3354 et
1161 3342 1165 3349 x

65 3391 232 3452 commodis
262 3405 428 3474 permotus
456 3407 488 3454 et
511 3395 825 3475 opportunitatibm‚
860 3395 954 3458 ΤΙΒΙ
979 3397 1089 3477 aliquo

61 3493 164 3556 altem
186 3495 286 3556 modo
315 3493 448 3577 publice
469 3495 645 3577 gratificari
666 3496 772 3570 volui,
804 3515 1001 3579 quamquam
1023 3499 1107 3562 .ΤΙ-,

60 3593 103 3654 dl
123 3595 215 3658 laetis
253 3601 371 3680 magis,
407 3617 505 3681 quam
532 3597 637 3662 verbis
667 3599 815 3664 satisfieri
843 3621 933 3684 posse
964 3603 1087 3684 optime

9 3719 11 3818 q
59 3699 161 3762 sentio.
206 3699 282 3776 Sed,
305 3714 479 3784 antequam
497 3702 587 3778 finio,
610 3715 737 3785 patere,
772 3702 849 3766 VIR
866 3703 1086 3766 MAGNIFI-

9 3831 10 3882 3
61 3799 123 3878 Cli,
153 3815 208 3878 ut,
239 3803 318 3885 quid
338 3805 376 3866 in
403 3803 465 3865 hac
488 3807 630 3868 editione
651 3808 887 3890 praestiterim,
916 3821 976 3869 aut
994 3827 1086 3890 prae·

56 3917 131 3966 state
150 3907 323 3982 voluerim,
344 3907 486 3979 breviter
506 3929 677 3992 exponam.
1047 3909 1049 3912 ’

9 4049 11 4100 ;
90 4070 95 4074 .
132 4009 406 4092 Quinquennium
427 4009 494 4072 iere
514 4025 578 4088 ast,
600 4031 701 4098 quum
723 4009 1026 4074 Animadvern'ones
1046 4016 1084 4076 in

9 4105 11 4154 t
57 4106 210 4176 luvenalis
239 4115 353 4176 satiras
380 4113 527 4174 ederem:
556 4133 596 4174 ex
623 4133 687 4195 quo
713 4119 861 4197 tempore
888 4135 963 4176 nou
984 4115 1083 4178 inter·¹

9 4333 11 4408 l
