2642 4850
184 425 229 487 IN
246 423 288 488 D.
307 423 393 492 IUN.
410 422 640 490 IUVENALIS
661 422 854 490 SATIRAM
872 429 912 492 V.
1007 431 1072 498 199

28 626 31 664 1
61 597 179 658 uuam.
202 595 258 660 ns.
280 593 362 671 x11,
391 615 434 663 vs.
456 599 538 674 aas,
564 599 610 662 na
632 611 669 660 ut
691 569 831 676 'manea
859 555 941 683 duae
962 601 1070 666 obar-

26 733 29 812 ν
59 715 669 800 radone-siderumfuturapraediceret,
689 719 938 801 intelligeretur.
966 719 1069 782 Etant

25 827 31 916 l
58 838 134 896 enisu
154 849 233 896 tunc
255 837 426 918 temporis,
449 857 531 920 quae
552 852 657 904 artem
675 839 771 900 i'stasn
793 837 958 916 callerent,
981 851 1070 900 certe
1103 861 1106 868 ·

24 919 27 1050 l
57 952 280 1059 prorueremus.
324 955 521 1020 raanan.
542 931 688 1032 sas'w,
709 979 753 1019 vs.
771 956 850 1033 ars,
872 957 946 1024 576.
968 959 1069 1028 anua
1097 1003 1099 1014 .
1174 961 1176 964 ·

23 1077 24 1080 ’
56 1073 197 1138 fictitium
223 1093 346 1138 nornen
373 1079 540 1141 invenitus
568 1079 634 1141 Sat.
656 1075 735 1153 VII,
765 1097 807 1140 vs.
823 1079 859 1142 ’9.
881 1079 1066 1154 Machaona,
1152 1169 1154 1174 ι

56 1197 167 1278 quoda
190 1193 316 1258 Graeco
335 1195 741 1311 udgurpaxderivandum
766 1201 945 1280 parasitum
971 1201 1068 1282 signi

56 1316 136 1393 licat,
163 1331 202 1378 nt
228 1319 281 1379 cui
302 1337 374 1378 usus
398 1319 494 1380 cultri
514 1314 551 1380 in
583 1319 722 1380 divitum
741 1321 861 1380 mensis
881 1320 1071 1383 iucundissi-

56 1457 114 1522 mus
134 1439 184 1500 sit.
228 1435 324 1504 Satir.
346 1437 435 1511 VIII,
459 1457 501 1498 vs.
513 1439 565 1502 96.
589 1434 789 1519 Chaerippe,
810 1439 869 1500 ubi
884 1437 1070 1521 Grangseus

57 1557 135 1619 dicit:
181 1557 292 1620 Cilicis
313 1577 435 1620 nomen
460 1556 630 1638 fictitium,
660 1559 746 1640 quod
774 1557 891 1623 Cilices
911 1571 949 1619 ut
970 1541 1073 1640 pluriss

55 1697 134 1740 mum
155 1681 247 1762 equis
275 1681 451 1762 gaudeant,
478 1690 515 1738 ut
536 1679 764 1762 Damasippus
785 1676 850 1741 Sat.
872 1677 935 1755 IX,
965 1699 985 1740 a
1006 1679 1069 1741 da·

50 1802 118 1878 μᾶν
134 1813 166 1861 et
183 1795 304 1864 ἵππον.
326 1798 391 1862 Sat.
408 1799 462 1875 VI,
484 1819 528 1862 vs.
542 1803 616 1866 988.
640 1799 849 1881 Hedymeles
866 1775 1070 1864 citharoedus
1185 1839 1189 1846 ·

53 1920 161 1982 adulci
176 1932 278 1980 cantu
291 1921 336 1982 sic
346 1921 542 1995 nominatus,
565 1933 598 1994 et
609 1919 753 1984 eiusdem
770 1917 864 1984 satir.
878 1941 921 1981 vs.
931 1919 994 1991 35„
1011 1919 1071 1980 ubi

51 2041 137 2118 prasio
152 2041 305 2116 occurrit,
326 2040 519 2115 scholiastes,
534 2041 620 2122 quod
634 2053 720 2100 certe
733 2061 773 2100 ex
788 2041 855 2102 eius
866 2051 960 2100 uota:
983 2036 1070 2122 aja·
1144 2107 1146 2112 ¹

52 2173 95 2221 cto
112 2181 247 2232 nomen,
269 2159 469 2235 coniicimus,
490 2161 666 2242 pygionem
678 2145 699 2220 i.
716 2141 750 2226 e.
761 2161 950 2242 πυγιστήν,
973 2151 1069 2220 ἀἰνυ-

51 2282 93 2362 γή
118 2279 384 2355 descendentem,
406 2280 558 2361 cogitasse
580 2279 716 2340 videtur.
758 2278 822 2340 Sed
841 2281 933 2360 pusio
955 2277 1003 2338 ibi
1024 2297 1075 2336 re·

52 2414 95 2462 cte
114 2422 148 2462 se
172 2400 287 2474 habet,
309 2411 503 2460 sustentatus
524 2399 623 2460 etiam
645 2400 715 2460 aliis
738 2399 833 2481 locis,
861 2418 889 2460 e.
912 2418 942 2480 g.
985 2398 1072 2479 Apu·
1106 2433 1108 2441 ι

51 2521 97 2582 lei.
118 2523 258 2584 Metam.
281 2521 338 2582 lib.
361 2519 418 2594 IX,
441 2499 512 2601 neg.
536 2521 608 2584 196.
631 2520 681 2582 ed.
703 2514 787 2582 Pr‘ic'.
810 2518 900 2580 solus
914 2519 1072 2601 ipsecum

50 2661 149 2720 puero
166 2639 302 2713 cubans,
325 2639 523 2722 gratissima
539 2654 772 2720 corruptarum
793 2641 986 2722 nuptiarum
1000 2641 1072 2702 uin·

50 2760 136 2824 dicta
154 2759 408 2844 perfruebatur.
434 2793 474 2807 -
522 2759 573 2822 Tu
584 2775 710 2853 autam,
733 2763 857 2842 inquit,
880 2775 948 2826 tam.
963 2759 1074 2822 mollis

51 2903 86 2943 cc
100 2896 197 2945 tener
211 2895 245 2942 et
259 2879 437 2941 admodum
452 2899 548 2961 puer,
572 2879 788 2962 defraudatis
800 2879 1005 2942 amatoribus
1019 2899 1075 2940 aa·

50 3005 127 3063 tatis
151 2971 355 3085 tuaaflora‚
378 3000 536 3062 mulieres
550 3003 695 3082 appetis.
739 3001 796 3061 lib.
819 2999 918 3073 VIII,
942 3021 974 3080 p.
1001 3001 1073 3062 171.

51 3121 204 3194 Elaeus,
228 3122 340 3193 αἱαητ,
362 3141 444 3182 caue
464 3098 507 3182 ne
524 3121 619 3184 salus
637 3119 763 3181 exedas
785 3132 854 3184 tam
873 3117 998 3178 bellum
1010 3118 1074 3176 sci·
1190 3199 1192 3205 Ι

50 3243 127 3306 licet
149 3241 340 3325 pullulastis
372 3242 435 3304 sed
459 3239 555 3302 nobis
582 3261 727 3322 quoque,
760 3239 830 3300 tuis
857 3235 1073 3317 palumbulis,

50 3341 290 3444 nonnumquam
312 3363 495 3445 impertias.
539 3359 605 3422 Ubi
626 3360 768 3441 pullulus
790 3360 846 3440 qui
868 3357 1001 3430 dicitur,
1024 3356 1074 3416 ni-
1098 3423 1102 3428 ,

51 3481 97 3548 hil
119 3496 175 3556 est,
197 3483 259 3542 nisi
280 3485 392 3564 pusio.
421 3463 530 3544 Festus
552 3463 743 3562 Pompeius}
759 3476 903 3562 Antiqui
917 3497 1072 3558 puerum,

52 3621 146 3684 quem
169 3604 245 3686 quis
265 3601 414 3676 amabat,
437 3605 511 3665 eius
528 3601 662 3683 pullum
688 3599 850 3666 dicebant.
893 3596 988 3662 Satis.
1017 3595 1073 3670 VI,

30 3743 93 3784 ss.
116 3725 188 3788 491.
212 3722 370 3795 ornatrix,
394 3741 474 3811 quae
497 3723 620 3804 capillis
641 3734 817 3803 unguenta,
839 3715 892 3778 vel
905 3718 983 3784 ulios
997 3715 1073 3776 odo-
1099 3777 1108 3786 ,

51 3862 100 3902 res
122 3845 278 3907 minutim
297 3819 442 3916 instillat,
463 3841 575 3908 Psecas
598 3863 623 3920 a¹
637 3839 815 3918 aenaeam
835 3838 997 3920 appellata
1018 3850 1076 3903 est.

54 3963 135 4022 Vide
156 3977 284 4045 praeter
305 3961 503 4048 Sphanhem.
526 3963 567 4022 ad
590 3961 718 4027 Gallim.
741 3959 773 4023 h.
795 3961 832 4019 iu
852 3957 932 4022 Pall.
956 3979 998 4018 vs.
1021 3961 1073 4020 22.

54 4082 194 4146 Reissesii
225 4097 382 4165 syntagm.
411 4081 553 4166 inscript.
580 4079 614 4155 I,
649 4081 700 4145 89.
745 4077 1003 4142 Wernsdoriiuot
1032 4077 1075 4138 ad
