2642 4850
189 391 193 399 “
262 387 330 476 pra
528 385 532 411 ⁴
569 361 980 458 annormonrs
1020 405 1023 412 ·

262 581 399 624 aureum
413 563 559 646 accipiat,
581 563 636 626 hic
653 581 737 638 vero,
760 573 917 644 quantum
933 561 1040 633 liceat,
1061 559 1134 636 ije.
1157 571 1275 620 centum

265 644 393 756 auieos,
415 675 513 744 'tanta
542 696 589 746 est
618 683 783 762 utriusque
812 682 960 742 fortunae
991 680 1214 760 discrepantia,
1245 691 1275 738 ut

263 802 337 862 ideo
359 801 417 862 illa
438 803 537 863 lectio
559 803 693 862 tolerari
712 803 819 883 possit.
863 801 986 860 Verum
1007 801 1034 860 si
1055 799 1191 858 alteram
1212 818 1275 858 con-

263 923 381 982 sideras
402 924 613 1003 scripturam,
643 943 681 984 ea
701 933 845 1004 recepta,
878 915 982 980 mutto
1004 919 1203 1000 splendidior
1222 937 1274 978 sors

163 1063 165 1070 ’
264 1042 370 1106 divitis
391 1043 606 1123 patroniest,
641 1043 693 1102 cui
714 1061 781 1101 non
804 1052 890 1100 certa
912 1039 1071 1120 quaedam
1091 1059 1213 1100 merces
1234 1038 1274 1098 ds-

225 1195 228 1214 ι
264 1163 382 1222 stinata
402 1163 452 1236 sit,
476 1163 530 1242 qui
544 1181 623 1236 none
644 1161 730 1242 quod
752 1162 856 1236 liceat,
879 1160 933 1222 sed
956 1159 1042 1240 quod
1063 1161 1215 1241 postulet,
1235 1179 1273 1218 ac-

242 1282 380 1362 -cipiat,
404 1301 503 1361 quum
522 1293 634 1342 contra
655 1301 778 1364 pauper
800 1282 1026 1362 qualicumque
1047 1280 1134 1342 dono
1158 1291 1273 1339 conten·

264 1413 317 1460 tos
345 1421 409 1470 esse
434 1401 557 1474 debeat.
601 1399 738 1467 Deinde
750 1402 928 1462 tenendum
944 1413 1007 1472 est,
1034 1412 1188 1482 poetam,
1211 1415 1272 1479 qnae

267 1520 401 1580 omnino
423 1523 625 1582 satiricorum
646 1521 840 1602 scriptorum
862 1519 1058 1583 consuetudo
1081 1535 1144 1593 est,
1171 1539 1219 1580 res
1237 1520 1272 1578 it·

265 1639 394 1700 tardum
416 1643 550 1702 nonita
573 1630 761 1712 describere,
783 1659 820 1699 ac
832 1642 1032 1728 reverasint,‘
1049 1639 1105 1712 sed
1123 1657 1177 1700 eos
1198 1655 1274 1718 erag-

265 1777 391 1839 gerare,
421 1760 506 1839 quod
534 1760 633 1820 etiam
653 1754 811 1820 hocloco
835 1761 919 1820 sumi
942 1731 1062 1842 potest,
1092 1759 1169 1823 nisi·
1184 1758 1274 1840 potius

267 1877 501 1938 causidicorum
524 1879 708 1952 avaritiam,
739 1858 881 1974 quamvis
898 1879 980 1988 ¹legse¹
997 1891 1141 1950 cautam,
1169 1878 1276 1957 impro-

232 2025 234 2034 ι
265 1996 367 2058 bitate
388 1996 507 2072 forensi
520 1997 711 2079 neglectam
725 1997 818 2061 fuisse
831 2012 963 2067 statuas3
985 1998 1021 2059 id
1043 1997 1130 2079 quod
1152 1998 1276 2078 exlegis

189 2176 192 2180 .
252 2119 475 2184 ,renovatione
497 2129 638 2200 apparet.
662 2117 704 2179 cf:
724 2117 808 2202 Lips.
832 2117 873 2180 ad
885 2112 989 2180 Tacit.
1013 2117 1071 2178 tt.
1095 2129 1128 2176 et
1149 2119 1274 2200 interpp.

267 2237 310 2299 aa
327 2223 413 2307 Ptin.
436 2238 572 2322 epistott.
595 2237 651 2300 nb.
674 2238 719 2314 v,
741 2259 791 2322 ep.
814 2239 865 2302 21.
942 2295 944 2300 .

351 2479 463 2540 Verbis
486 2479 638 2560 proximis
660 2491 694 2539 et
710 2477 827 2540 melius
843 2499 902 2542 nos
916 2450 1053 2558 egimus*
1076 2499 1158 2561 quae
1171 2497 1274 2562 paupe·

266 2617 341 2658 rum
362 2609 574 2680 patronorum
600 2611 691 2672 sunt,
721 2597 882 2680 Rupertus
911 2613 943 2658 et
964 2599 1172 2668 Achaintrins
1192 2601 1275 2684 parti·

268 2717 376 2778 culam
400 2717 584 2804 ct‚il]e1in
605 2731 659 2792 ut,
681 2716 714 2778 h.
736 2738 763 2778 e.
786 2721 951 2800 quamvis,
983 2733 1021 2780 nt
1038 2733 1090 2792 ut,
1114 2713 1274 2802 qnomodo

171 2891 183 2905 ,
268 2854 417 2919 cumque,
441 2835 582 2911 Gronov.
605 2835 763 2928 obssslib.
778 2837 842 2913 ΠΙ,
866 2858 934 2920 cap.
957 2839 1275 2914 6.1audans'‚htcin

267 2955 334 3030 At,
359 2935 489 3039 puncto¹
503 2968 576 3038 post
595 2969 688 3036 petet
704 2959 826 3039 posito,
847 2971 1069 3033 mutaverunt,
1100 2961 1275 3030 nescientes,

270 3097 343 3170 earn
365 3051 564 3166 quoque,7nt
584 3073 783 3138 Graecorum
806 3075 871 3140 καὶ
893 3097 951 3160 pro
971 3077 1104 3164 uetitos,
1127 3100 1195 3142 non
1215 3099 1275 3140 raro

267 3211 448 3268 ettamen,
478 3194 539 3256 sed
567 3207 676 3258 tamen
694 3197 886 3278 significare.
929 3197 976 3258 ef.
994 3168 1102 3297 'patin
1125 3197 1221 3281 XIV,
1241 3219 1275 3258 vs.

269 3309 342 3380 1403
363 3315 406 3376 Et
419 3313 526 3374 minus
542 3316 625 3376 hanc
640 3329 742 3399 optat,
765 3318 822 3396 qni
836 3338 902 3378 non
915 3317 1030 3386 babet„
1042 3317 1106 3380 Sat.
1119 3320 1166 3393 i„
1178 3341 1220 3400 ys.
1234 3321 1275 3384 74.

267 3432 417 3524 probitas
443 3433 602 3494 laudator
620 3447 656 3494 'et
685 3436 786 3514 alget.
829 3436 922 3497 Satir.
952 3430 1122 3512 XI11,',vs.
1145 3442 1197 3502 91.
1219 3441 1275 3502 Hic

263 3523 366 3636 ¹putat
390 3571 464 3614 esse
489 3551 582 3612 Deos
609 3567 643 3614 et
662 3555 808 3633 peierat,
836 3555 894 3616 ubi
924 3575 1006 3616 unus
1025 3558 1124 3617 codex
1146 3572 1183 3619 at
1200 3561 1274 3640 peie-

268 3689 325 3736 rat
344 3655 451 3742 habet,
494 3671 586 3733 Satir.
609 3672 640 3749 Ι,
662 3693 705 3734 vs.
727 3676 778 3738 47.
810 3688 844 3735 et
861 3675 916 3752 laic
935 3676 1111 3749 damnatus
1128 3679 1274 3744 inantia-

269 3791 367 3853 dicio.
395 3809 493 3876 quam
514 3793 602 3854 idem
629 3793 834 3858 Achaintrius
861 3809 984 3858 temere
1012 3807 1169 3874 attentat,
1195 3799 1272 3860 codd.

268 3909 426 3974 Parisinus
447 3926 606 3995 sequutus
743 3981 746 3988 Δ
