2706 4860
357 427 618 504 sertas
664 431 787 498 Μ’
986 441 1062 508 ιθ

98 601 162 662 Nec
174 613 288 676 tameu
301 601 336 664 id
351 603 466 670 virium
482 589 584 686 magis
597 605 821 681 intolerabile,
841 625 939 690 quam
955 627 1036 692 quas

44 723 160 784 Vicinos
172 722 313 784 humiles
328 743 442 804 rapere
465 737 505 786 et·
514 725 690 786 concidere
705 725 781 788 loris

43 841 168 902 Exorata
184 841 277 902 solat.
319 842 404 904 Nam
423 844 450 904 si
464 845 631 908 latratibus
646 846 703 907 alti
993 845 1060 916 416
1090 857 1095 876 ¹
1191 911 1193 918 Α

44 963 242 1043 Rumpuntur
255 965 375 1026 somni:
404 963 501 1024 fustes
515 965 580 1026 huc
592 967 696 1038 ocius,
718 967 839 1047 inquit,

42 1082 166 1156 diserte,
189 1093 286 1162 atque
304 1081 370 1142 illis
384 1081 554 1144 dominum
570 1085 662 1146 iubet
682 1099 757 1148 ante
776 1085 882 1161 feriri,

44 1202 157 1262 Deinde
181 1219 309 1262 canem.
354 1199 467 1276 Gravis
483 1222 634 1278 occursu,
656 1208 822 1270 teterrima
837 1198 930 1270 iultu

44 1321 150 1382 Balnea
163 1333 262 1382 nocte
277 1320 378 1382 subit:
401 1321 539 1384 conchas
561 1336 594 1382 et
611 1337 713 1386 castra
727 1331 851 1392 moveri
894 1373 897 1380 ·
938 1345 941 1353 '

43 1441 131 1504 Nocte
143 1441 250 1502 iubat:
271 1459 392 1521 magno
410 1441 528 1522 gaudet
539 1441 653 1504 sudare
668 1445 828 1508 tumultu:
993 1450 1059 1518 420

47 1560 139 1640 Quum
159 1561 278 1622 lassata
293 1561 383 1641 gravi
398 1561 587 1624 ceciderunt
607 1523 740 1626 hebebis
752 1583 856 1642 massa

45 1680 172 1762 Callidus
191 1681 352 1759 etpcristaa
374 1681 489 1762 digitos
509 1683 669 1765 impressit
685 1681 800 1768 aliptes
897 1709 900 1716 ⁴
991 1701 998 1709 '

43 1801 255 1860 Aesummum
272 1800 421 1862 dominae
437 1800 543 1862 femur
558 1780 738 1866 exclamare
754 1805 876 1888 coegit,
898 1785 902 1793 ’
1016 1821 1019 1824 ·
1053 1807 1056 1818 ’

43 1918 192 1980 Convivae
207 1920 317 1980 miseri
334 1911 459 1981 int'erea
479 1941 656 2003 somnoque
673 1923 819 2008 fameque

43 2038 207 2120 Urgentur:
223 2040 358 2100 taudem
379 2039 438 2100 illa
452 2042 542 2100 venit
554 2041 791 2119 rubicundula,
813 2059 920 2108 totum
992 2041 1057 2112 426

43 2159 267 2241 Oenophorum
285 2161 409 2233 sitiens,
431 2160 530 2242 plena
550 2161 637 2242 quod
648 2164 793 2226 tenditur
806 2185 889 2226 urna

41 2279 210 2340 Admotum
226 2279 378 2360 pedibus,
402 2280 447 2340 da
460 2299 522 2364 quo
535 2283 692 2373 *sextarius
705 2283 786 2344 alter

15 2479 16 2490 ἵ
41 2397 172 2460 Ducitur
184 2367 402 2474 ante‘cibum',
422 2397 571 2460 rabidam
584 2399 727 2461 facturus
749 2401 887 2477 areium,
989 2461 993 2470 ,

42 2515 121 2578 Dum
134 2519 222 2578 redit
243 2532 276 2579 et
291 2519 358 2580 luto
369 2533 490 2580 terram
505 2517 580 2582 ferit
602 2522 765 2582 intestino.

41 2635 248 2698 Marmoribus
261 2639 323 2700 rivi
339 2653 530 2722 properant,
553 2609 665 2704 aurata
678 2641 853 2704 Falernum
991 2642 1060 2710 480

40 2756 134 2818 Pelvis
150 2757 232 2818 olet:
254 2777 332 2818 nam
346 2760 415 2832 sic,¹
428 2773 584 2847 tanquam
602 2761 668 2822 alta
679 2764 717 2824 in
730 2758 817 2824 dolia
830 2764 944 2845 longus

41 2875 200 2940 Deciderit
213 2897 357 2958 serpeus,
379 2879 463 2942 bibit
481 2894 513 2940 et
527 2883 637 2945 vomit.
680 2883 765 2965 Ergo
780 2885 915 2954 maritus

41 2994 172 3060 Nauseat
193 2991 288 3079 atque
302 3000 402 3060 oculis
418 2999 520 3062 bilem
533 3003 721 3083 substringit
733 3005 861 3084 opertis.

96 3117 160 3179 Illa
179 3131 292 3180 tamen
305 3121 447 3200 gravior,
471 3141 552 3202 quae
566 3139 666 3202 quum
680 3121 883 3200 discumbere
901 3123 1024 3204 coepit,
1056 3158 1060 3177 ,

41 3235 159 3308 Laudat
171 3238 545 3321 Virgilium‚,periturae
558 3243 694 3322 ignoscit
714 3241 850 3318 Elissae,
993 3235 1058 3308 486

43 3359 221 3420 Committit
235 3371 322 3420 vates
337 3372 369 3420 et
381 3375 559 3442 comparat:
580 3361 658 3422 inde
676 3361 849 3424 Maronem
979 3345 981 3351 Ι

41 3477 137 3561 Atque
151 3481 217 3540 alia
230 3493 321 3560 parte
335 3481 372 3540 in
391 3483 514 3544 trutina
527 3482 692 3563 suspendit
706 3483 896 3544 Homerum.

43 3597 163 3662 Cedunt
187 3600 407 3681 grammatici,
429 3602 603 3662 vincuntur
622 3601 780 3676 rhetores,
804 3603 923 3688 omnis,

42 3714 142 3782 Turba
155 3733 260 3792 tacet,
282 3739 344 3780 noc
358 3721 553 3794 causidicus,
574 3739 636 3780 nec
646 3739 762 3801 praeco
775 3722 940 3802 loquatur,

43 3838 144 3902 Altera
157 3860 221 3902 nec
235 3839 368 3900 mulier:
390 3840 564 3926 vepborum
575 3851 667 3902 tanta
684 3840 770 3902 cadit
783 3841 840 3914 vis,
929 3837 938 3907 ,’
992 3842 1059 3908 440

43 3954 98 4018 Tot
110 3963 231 4042 pariter
246 3935 370 4041 pelv'os,
391 3971 441 4019 tot
456 3959 678 4022 tintinnabula
692 3926 777 4020 dicas

43 4073 167 4149 Pulsari,
211 4081 284 4144 lam
298 4099 396 4144 namo
407 4077 516 4156 tubas,
538 4101 635 4144 nemo
653 4099 728 4144 asra
741 4078 869 4162 fatiget:

834 4201 856 4264 4
