2706 4860
263 379 329 460 io
391 448 394 461 ,
484 341 488 362 Ἀ
539 377 1025 455 ιι.ιιιιιι.ιιιιιιιιιιιιι.

268 567 311 630 Ιιι
326 565 454 628 coelum
468 577 500 626 et
517 566 647 646 longam
660 567 828 654 manantia
843 565 933 626 labra
947 565 1091 626 salivam

179 673 185 686 ⁴*
272 687 362 754 Haec
376 687 478 768 poscit
489 675 636 746 ferrum'
628 698 723 764 atque
738 687 841 768 ignes,
864 685 944 749 haec
958 687 1051 766 potio
1068 685 1213 766 torquet·

231 826 239 862 ι
270 807 361 868 Haec
373 807 494 867 lacerat
504 806 622 866 mixtos
638 805 783 885 equitum
796 825 871 866 curn
886 807 1040 886 sanguine
1060 817 1176 884 patrmes
1236 801 1292 868 625
1335 811 1336 868 i

205 925 370 990 Tanti
384 939 493 1008 partus
508 943 624 1004 equae,
645 926 729 985 tanti
746 945 811 986 una
823 925 968 986 venefica
988 937 1122 989 constat

337 1041 485 1106 Oderunt
497 1057 588 1112 natos
605 1044 644 1104 de
658 1044 791 1124 peliice:
814 1065 911 1104 nemo
927 1058 1100 1126 repugnet,
1141 1073 1143 1082 =

270 1167 376 1228 Nemo
392 1177 493 1226 vetet:
507 1165 574 1230 iam
589 1165 656 1224 iarn
671 1165 857 1246 privignum
872 1165 1016 1224 occidere
1025 1158 1069 1224 fas
1084 1177 1140 1224 est.

269 1285 336 1346 Vos
353 1303 427 1365 ego,
450 1283 583 1364 pupilli,
605 1282 740 1356 moneo',
744 1269 877 1364 quibus
895 1284 1033 1398 amplior
1047 1296 1093 1344 est
1105 1303 1173 1357 res,

271 1379 438 1465 Custodite
452 1404 574 1462 animas
588 1415 620 1461 et
633 1379 721 1462 nulli
733 1405 853 1464 credite
871 1423 1014 1464 mensae:
1229 1404 1295 1484 ,650

267 1525 386 1586 Livida
399 1533 547 1584 materno
563 1522 705 1582 fervent
700 1523 834 1603 adipata
856 1523 991 1584 veneno.

269 1643 422 1706 Mordeat
436 1655 513 1702 ante
530 1643 659 1722 aliquis,
684 1643 839 1723 quidquid
852 1645 1030 1724 porrexerit
1048 1645 1126 1716 illa,

271 1764 364 1844 Quae
378 1763 519 1844 peperit:
542 1762 675 1822 timidus
691 1775 870 1843 praegustet
884 1765 1002 1849 pocula
1017 1757 1145 1845 pappas.

272 1881 440 1964 Fingimus
456 1882 555 1957 haec,
579 1884 681 1942 altum
694 1883 790 1942 satira
803 1896 950 1942 sumente
970 1883 1184 1958 cothurnum,

268 2000 417 2076 Scilicet,
439 2013 472 2060 et
488 2001 590 2062 ii'nem
607 1986 722 2092 agresti
735 1991 903 2083 legemque
918 1976 1064 2084 priorum
1181 2021 1184 2033 ¹
1235 2001 1296 2067 635

270 2113 403 2184 Grande
419 2120 600 2202 Sophocleo
618 2137 749 2182 cannen
762 2121 960 2200 bacchamur
977 2122 1102 2195 hiatu,'
1167 2127 1169 2136 ’

267 2235 434 2305 Montibus
450 2245 599 2323 ignotum
615 2241 746 2305 Rutulis
761 2243 914 2330 coeloque
932 2241 1059 2304 Latino.

100 2391 107 2412 ·
265 2363 333 2428 Nos
349 2365 476 2427 utibain
487 2364 586 2422 tani·
609 2361 664 2421 sed
680 2362 944 2436 clamatPontia,
966 2361 1045 2436 feci,
1095 2382 1098 2392 ’

186 2455 188 2466 ¹
268 2483 436 2546 Confiteor
449 2484 619 2565 puerisque
635 2471 719 2542 maid
738 2485 866 2542 aconita
880 2485 1007 2562 paravi,
1160 2515 1164 2548 ι

66 2613 70 2630 ‘
98 2634 122 2701 Ιι
270 2600 362 2682 Quae
379 2603 535 2682 deprensa
551 2613 678 2680 patent:
699 2601 824 2662 facinus
839 2615 950 2688 tamen
964 2605 1032 2683 ipsa
1055 2602 1176 2684 peregi.
1240 2601 1298 2664 640
1335 2653 1336 2680 ,

264 2722 361 2784 Tune
375 2721 546 2794 duos'una,
567 2721 751 2782 saevissima
767 2721 892 2802 vipera,
915 2722 1037 2784 coena?
1120 2729 1122 2734 '
1220 2731 1223 2734 '

265 2841 362 2904 Tune
376 2841 476 2902 duos?
517 2840 663 2922 Septem,
686 2843 712 2902 s'i
725 2853 849 2920 septem
871 2841 952 2900 forte
969 2841 1113 2902 fuissent.
1172 2873 1175 2883 ·

267 2961 443 3027 Credamus
460 2961 604 3040 tragicis,
627 2959 782 3042 quidquid
798 2961 838 3020 de
853 2961 1009 3021 Colchide
1025 2981 1118 3024 saeva

265 3081 396 3146 Dicitur
410 3095 443 3142 et
454 3081 595 3140 Procne:
616 3081 665 3140 nil
682 3093 795 3161 contra
818 3067 931 3142 conor':
955 3096 986 3142 et
1003 3083 1080 3157 illae·

268 3193 415 3273 Grandia
428 3213 571 3260 monstra
585 3201 648 3261 suis
668 3201 830 3286 audebant
843 3203 1053 3284 temporibus,
1072 3201 1128 3262 sed
1236 3195 1292 3264 645
1335 3217 1336 3274 ς

267 3322 344 3384 Νοιι
362 3333 495 3400 propter
506 3311 665 3387 nummoi.
700 3321 811 3383 Minor
828 3323 998 3384 admiratio
1006 3309 1144 3382 'summis'

266 3439 415 3502 Debetur
437 3444 602 3516 monstris,
633 3443 755 3520 quoties
778 3441 856 3506 iacit
871 3444 926 3502 'ira
947 3457 1121 3502 nocentem
1182 3470 1211 3484 ‚-

268 3559 367 3622 Hunc
388 3579 500 3619 sexum
520 3573 553 3620 et
574 3561 666 3620 rabie
685 3561 1000 3626 ieeurincendente'
1012 3563 1161 3622 feiuntur

267 3677 476 3760 Praecipites:
503 3693 540 3740 ut
561 3699 634 3740 saxa
655 3682 738 3760 iugis
760 3676 911 3760 abrupta,
943 3682 1055 3762 quibus
1078 3699 1172 3740 nions

265 3795 506 3876 Subtrahitur,'·
518 3802 665 3881 clivoque
687 3793 953 3882 latur'pendente
974 3788 1106 3866 recedit]
1184 3811 1187 3825 ·
1232 3797 1290 3863 650

328 3917 426 3984 luam
454 3941 513 4004 ogo
542 3941 610 3984 non
636 3921 786 3994 taleam,
826 3938 907 4001 qaae
937 3933 1102 4002 computat
1130 3935 1163 3984 et
1186 3922 1289 3982 'scelus

797 4065 800 4074 ’
871 4041 983 4124 ingens
