2648 4858
382 431 724 514 semirex.
912 391 923 476 .'
1025 437 1075 505 st¹

49 610 104 671 Sed
125 623 213 672 casto
237 601 314 694 quid
335 611 440 680 forma
460 612 578 674 nocet?
602 611 680 694 quid
701 611 823 694 profuit
842 611 946 674 immo

49 733 223 814 Hippolyto
244 748 341 820 greve
362 733 584 814 propositum?
606 731 684 814 quid
696 729 960 812 Bellerophonti?
1004 733 1069 800 325

48 853 179 913 Erubuit
200 869 321 933 nempe
343 851 439 926 haec,
462 873 522 914 ceu
542 853 699 926 fastidita,
720 851 858 934 repulso,

49 973 107 1032 Nec
128 971 338 1034 Stheneboea
358 961 481 1046 minus,
504 993 602 1054 quam
623 973 743 1048 Cressa,
766 971 940 1054 excanduit
960 985 994 1034 et
1014 993 1048 1035 se

51 1091 239 1154 Concussere
262 1093 388 1154 arubae.
431 1093 552 1154 Mulier
574 1095 754 1156 saevissima
774 1106 855 1153 tunc
877 1105 940 1179 est,

43 1211 151 1300 'Quum
172 1214 323 1276 stimulos
346 1213 419 1274 odio
441 1215 546 1296 pudor
568 1217 726 1276 admovet.
768 1213 870 1296 Elige,
893 1196 1048 1295 quidnam

51 1325 252 1392 suadendum
273 1315 340 1394 esse
361 1312 544 1415 putes,'cui
565 1335 689 1396 nubere
711 1333 852 1394 Caesaris
874 1351 955 1394 uxor
1005 1338 1070 1400 330
1127 1377 1131 1382 -

53 1448 198 1514 Destinat.
244 1454 395 1535 Optimus
410 1456 465 1516 hic
487 1469 518 1516 et
541 1431 784 1516 formosissimus
813 1453 902 1514 idem

58 1567 154 1632 Gentis
175 1575 336 1654 patriciae
358 1577 482 1656 rapitur
503 1578 600 1638 miser
616 1573 874 1658 'exstinguendus

55 1687 237 1754 Messalinae
260 1695 376 1755 oculis:
407 1695 640 1784 dudumsedet
661 1695 718 1756 illa
740 1707 868 1776 parato·
919 1737 922 1742 -

54 1808 227 1888 Flame010,
250 1791 432 1896 Tyriusque
452 1816 561 1898 palam
582 1816 714 1896 genialis
735 1817 771 1876 in
792 1815 893 1879 hortis

54 1927 202 1994 Sternitur
225 1947 259 1993 et
279 1935 346 1995 ritu
364 1935 466 1998 decies
490 1945 626 1995 centena
640 1935 824 1996 dabuntur*
1007 1935 1072 2002 335
1103 1974 1105 1984 ν

55 2048 200 2132 Antiquo:
223 2055 333 2114 veniet
355 2075 430 2116 cum
450 2053 662 2136 signatoribus
669 2073 814 2157 puspexq

56 2165 131 2230 Haec
152 2165 191 2234 tu
214 2187 337 2234 secreta
360 2187 392 2234 et
413 2177 523 2258 paucis
546 2175 714 2234 commissa
735 2175 878 2256 putabas.

56 2271 133 2364 Non,
154 2295 221 2355 nisi
242 2293 405 2374 legitime,
429 2293 498 2352 vult
518 2291 649 2355 nubere.
694 2293 782 2373 Quid
802 2296 946 2376 placeat,
969 2297 1034 2358 dic:
1086 2303 1088 2317 '

56 2406 91 2468 Ni
108 2433 221 2492 parere
244 2413 338 2486 velis,
360 2403 566 2494 pereundum
584 2414 650 2482 ¹erit
672 2425 746 2472 ante
768 2413 927 2474 lucernas:
1003 2478 1008 2495 1

56 2525 83 2587 Si
100 2535 200 2594 scelus
218 2533 378 2605 admittas,
400 2531 530 2592 dabitur
542 2547 635 2594 mora
648 2533 791 2615 parvula,
814 2533 892 2592 dum
913 2555 962 2596 res
1006 2539 1070 2610 340

58 2645 129 2711 Nota
149 2654 234 2714 Urbi
254 2665 288 2714 et
309 2651 430 2734 populo
454 2655 621 2734 contingat
634 2625 791 2736 Principis
814 2675 915 2736 aures.

58 2765 193 2834 Dedecus
216 2773 272 2834 ille
296 2773 408 2834 domus
423 2776 509 2850 sciet
530 2771 677 2834 ultimus:
700 2777 824 2836 interea
845 2789 882 2844 tu
917 2792 941 2813 '¹

60 2886 230 2974 Obsequere
252 2895 409 2974 imperio,
432 2895 472 2956 sit
492 2895 576 2956 tanti
597 2897 664 2956 vite
685 2896 811 2957 dierum

60 3005 237 3076 Paucorum.
281 3011 447 3094 Quidquid
466 3015 583 3104 melius
605 3015 769 3098 leviusque
790 3017 921 3098 puteris,
968 3003 970 3012 ¹
1014 3089 1029 3105 „
1063 3025 1067 3034 “

59 3125 235 3198 praebenda
246 3147 293 3195 est
307 3135 412 3215 gladio
420 3135 535 3216 pulcre
547 3135 628 3194 baec
643 3147 676 3195 et
699 3137 836 3198 candida
848 3135 962 3200 cervix.
974 3121 990 3143 ³
1008 3129 1089 3208 346,

76 3315 81 3333 ,
112 3252 166 3316 Nil
187 3261 263 3335 ergo
286 3254 444 3336 optabunt
465 3254 634 3321 homines?
655 3253 690 3316 Si
713 3255 884 3322 consilium
905 3237 975 3331 vis,
1053 3322 1057 3330 ,
1134 3241 1136 3249 ’

61 3362 217 3439 Permittes
239 3375 313 3455 ipsis
336 3376 516 3457 expendere
536 3376 741 3451 numinibus,
765 3377 842 3458 quid
1023 3365 1024 3368 Ἴ

63 3485 229 3558 Conveniat
249 3495 342 3558 nobis
363 3496 521 3576 rebusque
542 3497 584 3556 sit
604 3497 684 3558 utile
706 3498 832 3558 nostris.

62 3603 134 3672 Nam
154 3606 382 3698 pro‘iucundis
404 3617 567 3698 aptissime
589 3637 732 3698 quaeque
754 3616 878 3679 dabunt
900 3619 943 3684 di.

65 3724 164 3796 Carior
185 3749 232 3798 est
252 3735 318 3796 illis
338 3735 446 3810 homo,
469 3755 565 3817 quam
587 3737 657 3798 sibi.
700 3737 765 3796 Nos
780 3739 963 3804 animorum
1006 3740 1070 3807 350
1153 3784 1155 3788 -
1195 3723 1198 3730 ι

64 3841 193 3933 IInpulsu
220 3869 252 3917 et
275 3871 371 3915 caeca
391 3875 570 3936 magnaque
592 3859 744 3937 cupidine
767 3857 873 3932 ducti,

67 3963 245 4058 Coniugium
266 3977 406 4059 petimus
427 3989 619 4060 partumque
641 3977 763 4038 uxoris:
785 3987 818 4038 at
838 3976 902 4044 illis

67 4079 265 4186 Notum,·qui
280 4084 380 4179 pueri
402 4097 564 4186 qualisque
586 4097 695 4186 futura
714 4099 755 4164 ut
776 4117 865 4164 uxot.
