2706 4860
392 429 655 492 SATIRA
696 429 723 492 1.
783 425 799 447 '⁴

57 604 136 663 Haec
159 619 310 684 agonen
332 601 463 664 credam
484 603 649 665 Venusina
671 603 768 684 digna
788 602 942 664 lucerna?

56 723 135 783 Haec
158 741 217 804 ego
239 741 308 782 non
330 722 471 804 agitem?
493 721 557 784 Sed
579 723 656 804 quid
677 723 779 804 magis
799 721 989 799 Heracleas,

53 845 107 902 Aut
126 841 341 916 Diomedeas,
363 854 420 902 aut
441 845 604 924 mugitum
623 841 820 934 Labyrinthi

54 963 87 1022 Et
105 983 195 1024 mare
217 981 404 1044 percussum
424 981 524 1042 puero
553 961 744 1044 fabrumque
766 964 961 1057 volantemi'

54 1081 151 1160 Quum
171 1081 251 1142 leno
272 1081 411 1162 accipiat
432 1081 564 1142 moechi
583 1081 687 1155 bona,
709 1081 737 1142 si
759 1078 910 1162 capiendi
959 1064 971 1116 l
1026 1079 1070 1146 55

53 1201 95 1260 lus
114 1201 243 1262 nullum
267 1200 376 1274 uxori,
399 1200 510 1262 doctus
533 1214 676 1282 spectare
698 1201 849 1274 lacunar,

54 1319 160 1382 Doctus
182 1333 219 1381 et
240 1319 283 1380 ad
305 1319 441 1382 calicem
462 1315 610 1402 vigilanti
631 1333 763 1382 stertere
784 1339 878 1382 naso:

54 1440 148 1520 Quum
176 1441 227 1502 fas
257 1459 324 1524 esse
350 1452 444 1522 putet
473 1459 586 1502 curam
606 1459 733 1522 sperare
757 1421 913 1514 cohortis,

56 1559 106 1640 Qui
124 1561 214 1622 bona
235 1559 367 1621 donavit
389 1559 595 1642 praesepibus
616 1573 651 1630 et
674 1573 761 1622 caret
782 1560 874 1622 omni

55 1679 203 1742 Maiarum
226 1699 340 1756 censu,
372 1679 452 1741 dunt
472 1680 618 1762 pervolat
640 1699 699 1742 axe
721 1681 819 1742 citato
1023 1683 1068 1746 60

55 1797 234 1862 Flaminiam
254 1819 337 1880 puer
356 1799 578 1860 Automedon:
607 1817 685 1860 nam
706 1799 778 1860 lora
798 1799 947 1876 tenebat,
1030 1865 1033 1876 ‚

56 1917 110 1999 lpse
130 1921 317 1982 lacernatae
339 1939 439 2002 quum
459 1939 493 1980 se
514 1921 649 1982 iactaret
670 1919 805 1982 amicae.

57 2037 149 2100 Nonne
170 2039 257 2102 libet
278 2037 387 2100 medio
411 2057 498 2100 ceras
518 2037 656 2120 implere
680 2057 811 2120 capaces

63 2157 232 2236 Quartae,
256 2175 357 2240 quum
377 2159 444 2220 iam
466 2171 554 2219 sexta
576 2159 700 2220 cervice
721 2157 844 2220 feratur

66 2273 123 2339 llius
140 2294 242 2361 atque
264 2277 341 2340 inde
361 2291 474 2360 patens
496 2298 533 2338 ac
554 2277 642 2338 nuda
663 2299 767 2359 paene
790 2277 943 2340 cathedra
1019 2277 1065 2348 66
1126 2322 1129 2340 t

66 2393 93 2454 Et
106 2401 243 2462 nultum
263 2371 405 2460 referens
427 2397 468 2458 de
489 2397 680 2460 Maecenate
701 2397 817 2480 supino

61 2514 179 2597 Signuor
202 2517 303 2593 falso,
325 2519 434 2600 quise
455 2517 583 2578 lautum
606 2530 703 2598 atque
722 2517 857 2584 beatum

37 2633 159 2718 lEligant
181 2638 305 2700 tabulis
320 2606 359 2704 'et
381 2657 511 2720 gemma
532 2637 653 2698 fecerat
673 2637 760 2700 uda?

60 2753 182 2821 Occurrit
204 2771 357 2820 matrona
377 2771 506 2840 potens,
529 2776 610 2838 quae
632 2758 733 2821 molle
757 2757 917 2822 Calenam

58 2873 225 2942 Porrectura
247 2881 318 2942 viro
339 2854 601 2940 miscet'sitiente
622 2856 774 2939 rubetam
1018 2875 1064 2937 ’10

58 2993 238 3083 instituitque
260 2999 356 3060 rudes
377 2999 495 3060 melior
515 2997 655 3060 Locusta
676 2999 871 3085 propinquas
961 3051 966 3059 .

60 3112 101 3178 Per
117 3120 239 3182 famam
261 3132 295 3180 et
315 3119 474 3200 populum
494 3119 602 3199 nigros
623 3117 738 3178 efferre
764 3119 907 3178 maritos.

63 3233 127 3300 lule
148 3239 273 3322 aliquid
292 3239 443 3300 brevibus
466 3237 581 3320 Gyaris
610 3250 642 3297 et
665 3251 792 3298 carcere
815 3235 967 3315 dignum,

61 3352 83 3416 Si
97 3362 136 3422 vis
158 3380 225 3422 esse
247 3359 378 3438 aliquis:
401 3357 543 3440 probitas
564 3355 731 3432 laudatur,
753 3369 786 3418 et
815 3347 911 3438 alget.
931 3421 934 3426 ,

60 3474 237 3547 caninibus!
255 3477 374 3539 debent
395 3477 514 3553 hortos,
535 3479 706 3560 praetoria,
726 3495 862 3552 mensas,
1015 3467 1061 3538 76

30 3635 31 3642 1
60 3593 212 3690 Argentum
233 3611 324 3660 vetus
354 3612 386 3660 et
407 3611 548 3660 stantem
569 3610 660 3658 extra
679 3597 798 3678 pocula
819 3612 963 3676 caprum.
1013 3661 1016 3668 Α

62 3711 149 3790 Quem
162 3721 285 3801 patitur
307 3719 447 3783 dormire
468 3705 569 3780 nurus
591 3730 760 3798 corruptor
781 3734 912 3792 avarae,

64 3829 142 3908 Quem
162 3859 295 3920 sponsae
317 3851 425 3920 turpes
448 3851 481 3900 et
501 3849 716 3920 praetextatus
745 3831 892 3896 adulter?

64 3945 84 4008 Si
97 3969 206 4018 natma
221 3972 336 4040 negat,
363 3958 441 4020 facit
461 3957 642 4038 indignatio
663 3972 808 4026 versum,

65 4065 298 4162 Qualemcunque
320 4091 442 4162 potest,
464 4078 572 4178 quales
595 4095 670 4157 ego,
692 4073 745 4139 vel
767 4071 955 4134 Cluuienus.
1014 4067 1057 4131 8⁰

790 4189 850 4254 μ
