2648 4858
278 423 344 494 sss
562 417 603 487 u
623 398 1032 492 iUN:1uvltNAtls

280 593 365 677 Ergo
386 593 491 676 Deus,
514 597 696 678 quicunque
718 595 878 678 adspexit,
899 597 984 658 sidet
1005 611 1039 658 et
1060 592 1138 664 odit.

295 756 298 764 »
344 717 372 778 Α
394 715 590 778 deverticulo
612 729 776 796 repetatur
803 712 919 780 fabula.
963 717 1137 798 Postquam

226 881 229 888 .
279 837 433 905 Subsidiis
456 838 557 911 aucti,
580 831 652 918 pars
675 837 775 898 altere
797 855 947 918 promere
966 837 1091 900 ferrum

278 929 386 1018 Autlet
409 970 442 1017 et
462 956 584 1018 infestis
605 969 748 1036 pugnam
764 958 942 1028 instaurate
964 960 1111 1038 sagittus·
1190 1043 1192 1050 y

274 1077 383 1158 Terga
404 1077 484 1157 fugp‘
502 1077 600 1138 celeri
613 1077 846 1156 praestantibus
865 1079 1023 1154 omnibus,
1044 1081 1181 1153 instant,
1251 1077 1285 1142 :¹5

280 1197 346 1276 Qui
367 1199 474 1258 vicina
493 1197 604 1262 colunt
626 1197 796 1262 umbrosae
818 1197 961 1279 'Ilentyra
981 1200 1120 1279 palmae.

276 1313 412 1378 Labitur
432 1315 510 1378 hinc
524 1315 676 1399 quidam,
699 1320 802 1379 nimia
825 1317 997 1380 formidine
1019 1337 1151 1382 cursum

214 1435 216 1442 ’
273 1435 502 1519 Praecipitant,
524 1441 726 1520 capiturquet
750 1450 796 1498 ast
818 1425 914 1498 ¹illum
934 1441 971 1500 in
992 1441 1135 1522 plurima
1155 1453 1269 1503 sectum

274 1561 388 1622 Frusta
409 1571 443 1619 et
464 1549 654 1642 particulas,
676 1570 713 1618 ut
735 1559 845 1621 multis
868 1571 1013 1620 mortuus
1035 1577 1119 1622 unus

269 1679 457 1753 Sufficeret,
479 1691 587 1738 totum
606 1678 740 1741 noxiosis
763 1677 882 1741 ossibus
904 1679 971 1740 edu
1251 1681 1284 1743 80

274 1801 400 1860 Victrix
420 1791 531 1872 turba,
551 1817 614 1860 uec
636 1798 762 1858 ardenti
784 1797 911 1864 decoxit
935 1803 1016 1860 ab'no

272 1918 338 1981 Aut
360 1919 512 1982 vetubus:
535 1919 670 1998 longum
689 1937 788 1998 tuque
810 1918 890 1980 abso
912 1918 1106 1998 tardumque
1129 1920 1251 2000 putavit

269 2039 462 2120 Exspectare
484 2037 586 2108 locos,
610 2049 763 2098 contente
786 2037 939 2108 cadavere
962 2040 1071 2100 crudo.

230 2197 233 2209 .
271 2158 336 2222 Hic
358 2157 496 2241 guadere
517 2156 614 2228 libet,
637 2153 723 2235 quod
743 2174 812 2218 non
833 2159 1002 2220 violaverit
1021 2161 1149 2240 ignem,

270 2281 379 2360 Quem
401 2297 528 2339 summa
549 2279 631 2338 coefi
652 2291 783 2358 raptum
805 2277 845 2338 de
867 2292 959 2358 parte
980 2275 1193 2344 Prometheus
1250 2274 1285 2344 85

159 2465 178 2478 ,,
270 2402 412 2464 Donavit
433 2399 534 2460 seuit.
578 2397 750 2460 Elemento
773 2398 917 2478 gratulor
940 2392 971 2458 et
993 2411 1026 2458 to

268 2521 436 2584 Exsultare
458 2535 539 2578 reor.
582 2515 646 2578 sed
668 2520 723 2596 qui
743 2513 893 2578 mordens
914 2515 1050 2580 cadaver

269 2639 444 2710 Sustinuit,
465 2638 515 2698 nil
536 2654 692 2715 umquam
712 2635 775 2698 hac
797 2654 893 2700 carne
914 2637 1066 2698 libentius
1088 2637 1167 2700 edit.

267 2759 353 2822 Nam
372 2757 493 2818 scelere
512 2757 551 2816 in
570 2767 662 2816 tanto
683 2773 727 2819 ue
750 2773 879 2834 quaeras
901 2770 934 2821 et
956 2757 1098 2832 dubites,
1122 2777 1165 2820 an

264 2879 376 2944 Prima
397 2877 596 2956 voluptatem
617 2874 694 2955 gula
715 2875 859 2936 senserit:
882 2877 1018 2944 ultimus
1037 2883 1167 2953 eutem,
1249 2879 1305 2942 oo·

268 3001 334 3083 Qui
355 3000 442 3060 stetit
463 2995 610 3058 absumto
632 2997 698 3056 iam
719 3007 788 3057 toto
810 3015 959 3077 corpore,
983 2998 1087 3060 ductis
1171 2982 1185 3024 t

264 3125 328 3184 Per
349 3135 469 3182 tetram
491 3117 614 3202 digitis,
636 3115 759 3197 aliquid
780 3117 820 3178 de
840 3117 995 3197 sanguine
1017 3131 1123 3200 gustat

265 3246 440 3346 Vasconesf
462 3249 499 3298 ut
519 3237 606 3298 fame
628 3233 697 3310 est,
712 3237 872 3298 alimentis
893 3237 1011 3302 talibus
1034 3238 1115 3298 olim

247 3361 447 3422 ‘Produxere
470 3355 607 3418 animus:
628 3354 684 3416 sed
703 3377 754 3419 tes
777 3357 915 3430 diversa,
937 3357 993 3418 sed
1014 3358 1084 3418 illio

262 3480 424 3542 Fortunae
444 3475 566 3536 invidia
587 3489 635 3536 est
655 3439 880 3557 bellorumque
902 3477 1034 3551 ultima,
1057 3497 1145 3538 casus
1244 3475 1281 3542 95

260 3598 421 3672 Extremi,
443 3597 560 3676 longae
582 3595 652 3656 dira
673 3596 845 3656 obsidionis
868 3610 996 3678 egestas.
1020 3584 1044 3642 'x

263 3723 366 3782 Huius
390 3719 496 3788 enim,
519 3716 606 3797 quod
626 3733 713 3776 nuuc
736 3717 856 3798 agitur,
878 3717 1061 3778 miserabile
1084 3717 1181 3778 debet

261 3839 457 3919 Exemplum
479 3855 545 3897 esse
568 3835 645 3898 cibi:
666 3837 749 3898 sicut
770 3831 867 3929 modo
890 3837 976 3899 dicta
996 3839 1080 3900 mibi
1101 3857 1180 3918 gens

176 4014 182 4027 ,
262 3961 338 4022 Post
360 3978 472 4018 omnes
493 3959 623 4034 herbas,
645 3969 715 4040 post
738 3971 853 4020 cuncta
874 3958 1043 4032 animalia,
1068 3957 1225 4041 quidquid

263 4079 406 4162 Cogebat
428 4066 521 4139 vac'ui
543 4081 660 4142 tenuis
682 4078 790 4154 furor,
810 4079 954 4172 hostibus
975 4079 1050 4158 ipsis
1222 4081 1278 4144 100
