2648 4858
184 387 229 450 in
250 387 291 448 n.
313 381 649 453 mussitamus
672 357 862 450 sinsin
875 391 901 457 1.
990 394 1051 462 iis

48 560 113 632 irc,
145 558 252 620 iudice
279 542 525 620 winierium
559 533 600 618 ai
630 543 751 620 risun.
773 559 830 626 ns.
850 561 875 636 1,
896 563 984 680 areg)
1015 567 1049 638 s,

47 701 80 738 vs.
88 677 135 754 85,
151 679 359 760 vehementer
372 680 489 762 erravit
505 679 673 761 {inpertus
692 680 831 772 scribens
845 703 1051 762 ponereuesse

45 799 110 858 auis
127 799 213 880 Spiel
234 813 349 859 setzen.
371 799 445 886 Non
466 799 501 860 id
513 799 635 874 dicere,
657 801 772 880 inquit,
796 801 897 879 voluit
917 801 1050 862 Iuvena-

44 920 89 994 lis,
114 940 178 980 uno
199 921 288 980 iactu
310 919 349 978 de
371 925 441 978 tota
469 937 542 978 arce
572 919 769 982 contendisse
791 899 967 994 Romanos,
996 923 1051 982 sed
1081 977 1083 988 ,

45 1061 138 1100 arcam
160 1040 201 1099 ad
222 1041 331 1099 lusum
354 1039 586 1120 apportandam
610 1059 748 1116 curasse,
778 1055 814 1100 ut
844 1044 982 1124 pecunia
1011 1043 1051 1102 ad

44 1159 209 1225 ludendum
230 1159 405 1218 sufficeret:
429 1177 530 1238 quam
551 1160 851 1240 interpretationem
873 1162 925 1222 vel
955 1161 1052 1224 verba
1118 1243 1121 1254 Ι

46 1279 190 1340 contraria
213 1297 279 1338 non
296 1277 412 1336 loculis
426 1278 657 1338 comitantibus
678 1293 855 1340 monstrare
873 1286 1052 1360 poteraut.“

47 1401 162 1462 Ponere
182 1417 276 1478 saepe
298 1397 387 1456 idem
410 1411 466 1472 est,
489 1397 575 1478 quod
598 1418 773 1480 apponere,
795 1411 832 1459 ut
846 1399 965 1460 Tibull.
990 1400 1011 1460 l.
1029 1403 1051 1462 l.

47 1521 202 1600 positaque
226 1517 377 1591 lucerna,
401 1529 433 1576 et
454 1519 622 1597 proprium
644 1517 779 1578 verbum
800 1519 835 1577 in
858 1519 948 1592 vinis,
971 1539 1052 1598 quae
1083 1579 1085 1605 ὲ

45 1640 199 1700 inmensa
220 1637 363 1728 convivis
385 1650 600 1720 apponuntur.
646 1637 728 1698 Vide
758 1635 844 1698 Serv.
875 1637 917 1708 ad
938 1637 1051 1718 virgil.

47 1761 112 1824 Aen.
140 1759 196 1820 lib.
221 1757 253 1832 Ι,
282 1777 325 1816 vs.
353 1759 427 1820 706.
456 1755 567 1817 Heius.
603 1757 644 1819 ad
673 1745 777 1838 Ovid2
795 1757 863 1816 Art.
895 1771 991 1818 amat.
1019 1758 1050 1832 Ι,
1080 1792 1087 1796 -

47 1899 80 1940 vs.
100 1882 172 1941 231.
215 1877 382 1936 Burmann
411 1875 452 1934 ad
480 1875 608 1936 Petron.
638 1897 664 1937 c.
697 1881 750 1942 20.
793 1876 849 1938 Ad
870 1897 981 1938 casum
1001 1891 1051 1938 ta-

45 1967 128 2058 bulae
159 1997 267 2062 reddit
299 2015 411 2076 graece
446 1994 597 2076 Agathias
625 1991 767 2080 tu'ssisps
792 1992 921 2074 τύχαςς
966 1977 1052 2079 apud

45 2119 110 2178 alios
130 2119 176 2178 ad
198 2115 346 2178 tabulam
374 2115 489 2174 ludere
513 2116 551 2174 de
573 2128 763 2174 tesserarum
784 2113 856 2174 lusu
878 2118 1051 2210 muenitur.
1143 2149 1144 2159 κ

37 2235 180 2318 Denique
200 2238 254 2296 vix
276 2249 338 2308 est,
370 2234 454 2314 quod
475 2255 642 2308 moneam,
674 2233 892 2294 Heineckium
913 2257 972 2316 pro
995 2239 1054 2298 hos

44 2359 157 2417 animos
180 2356 264 2416 haec
283 2355 410 2414 animos
430 2353 566 2412 dedisse:
596 2351 739 2412 multum
762 2339 870 2427 abest‚'
894 2369 930 2414 ut
954 2355 1052 2416 offen-

44 2477 115 2537 sioni
135 2479 175 2536 sit
197 2474 397 2556 quidquam.¹
429 2473 549 2534 Censor
570 2472 679 2532 doctus
692 2473 728 2530 in
739 2471 876 2552 Ephem.
900 2434 1052 2540 Ienflitt'.

44 2595 141 2674 April⁷
178 2596 274 2659 1822.
307 2614 340 2654 n.
381 2595 431 2659 18.
466 2605 554 2652 reete
588 2591 727 2672 explicat
753 2593 814 2653 hos
846 2613 904 2674 per
933 2599 983 2656 to't
1019 2611 1053 2658 et

46 2715 129 2778 tole.
205 2766 218 2776 ..

13 2841 21 2862 Χ
119 2838 192 2898 Non
220 2839 360 2898 minores
389 2833 591 2896 difficultates
621 2834 810 2898 obiecerunt
838 2835 952 2896 eodem
979 2837 1052 2898 loco
1115 2819 1116 2822 Ἴ
1154 2821 1155 2828 ¹

45 2971 199 3038 sequentes
222 2978 345 3042 versus:

58 3077 204 3138 tProelia
226 3085 344 3158 quanta
365 3075 434 3136 illic
457 3039 671 3156 dispensatore
693 3075 816 3136 videbis

79 3200 272 3280 Armigero„
298 3196 482 3276 Simpleime
504 3195 608 3268 furor,
630 3195 773 3254 sestertia
796 3207 928 3256 centum
989 3233 993 3244 ·

82 3318 217 3382 Perdere
247 3331 281 3377 et
300 3317 445 3376 horrenti
466 3317 614 3374 tunicam
633 3333 702 3374 non
721 3311 857 3374 reddere
877 3291 990 3407 servo?

45 3436 163 3500 Proelia
194 3451 262 3498 nort
289 3438 397 3510 rixae,
438 3432 558 3516 iurgia,
596 3433 817 3518 altercationes
849 3436 1054 3510 collusorum,

44 3559 89 3616 vel
111 3559 316 3618 dominorum
340 3575 415 3622 cum
437 3535 704 3636 dispensatoribus
727 3569 817 3629 sunt,
847 3555 902 3614 sed
929 3573 1057 3634 compa-

7 3715 8 3720 κ
44 3692 124 3738 ratur
144 3695 337 3751 tesserarum
356 3677 441 3735 lusus
463 3695 537 3738 vere
559 3685 635 3734 cum
655 3676 788 3756 proelio,
809 3677 846 3736 in
867 3693 928 3754 quo
943 3658 1058 3734 luden-

45 3799 120 3860 tium
141 3813 247 3881 partes
271 3813 347 3858 cum
368 3815 424 3855 suo
455 3811 599 3874 quaeque
621 3796 836 3876 dispensatore
864 3793 926 3853 sibi
948 3793 1059 3854 adver-

45 3935 225 3997 santur,1et
254 3917 431 3999 cupiditate
459 3915 596 3994 flagrant
618 3913 785 4004 vincendi,
813 3913 835 3972 i.
859 3933 885 3975 e.
908 3933 1058 3972 nummos

46 4023 211 4104 auferendi.
260 4039 354 4102 quta
383 4037 435 4096 vel
462 4053 546 4122 pone
576 4033 746 4094 dominum
774 4032 968 4112 dispensator
996 4045 1058 4091 stat
