2706 4860
374 407 634 482 ,SATIRA
676 407 731 476 X..
1011 415 1053 485 tt

39 579 182 659 Divitiae,
219 597 363 649 crescant
385 599 423 648 ut
445 605 536 668 opes,
557 597 595 646 ut
615 585 759 647 maxima
780 591 849 644 toto

38 704 143 764 Nostia
164 705 205 766 sit
227 705 406 798 arca-foro.
448 704 512 766 Sed
533 704 625 764 nulla
647 703 775 766 aconita
795 703 952 766 bibuntur
1009 699 1054 772 26

38 822 212 886 Fictilibus:
233 837 313 886 tunc
334 826 393 886 illa
416 827 509 900 time,
532 843 633 906 quum
654 824 774 904 pocula
796 842 901 886 sumes
939 855 945 865 -

41 942 204 1004 Gemmata
227 957 259 1004 et
281 946 347 1006 lato
369 945 519 1008 Setinum
540 945 666 1006 ardebit
686 946 724 1006 in
748 955 836 1004 auro.
943 941 947 949 “

39 1061 141 1124 Iamna
164 1065 264 1146 igitur
284 1065 406 1141 laudas,
430 1065 516 1146 quod
538 1065 578 1126 de
600 1063 796 1144 sapientibus
820 1063 901 1126 alter

39 1181 184 1258 Ridebat,
207 1186 331 1265 quoties
353 1185 393 1246 de
414 1186 530 1249 limine
551 1195 697 1244 moverat
718 1203 838 1255 unum,

38 1300 273 1384 Protuleratque
294 1305 428 1386 pedem,
449 1305 551 1371 flebat
575 1305 752 1366 contrarius
774 1303 906 1362 auctor?
1010 1303 1056 1378 ,30

43 1421 96 1482 sea
114 1398 218 1486 faciti·
241 1425 340 1486 cuivis
361 1426 458 1506 rigidi
480 1439 613 1486 censura
636 1421 803 1485 cacunnn
912 1389 916 1400 '

43 1538 219 1606 Mirandum
241 1557 305 1616 est,
327 1544 413 1606 unde
434 1545 492 1606 ille
511 1545 615 1604 oculis
636 1543 799 1606 suffecerit
817 1539 948 1606 humor.

41 1659 188 1744 Perpetuo
209 1665 277 1724 risu
298 1664 490 1746 pulmonem
513 1665 635 1745 agitare
655 1664 779 1726 solebat

41 1781 249 1858 Democritus,
274 1802 457 1864 quanquam
478 1803 546 1844 non
567 1797 671 1844 essent
692 1784 826 1848 urbibus
846 1785 911 1844 illis

42 1901 199 1974 Praetexta
219 1917 253 1966 et
273 1903 423 1978 trabeae,
444 1903 707 1979 fascemlectica,
729 1904 885 1970 tribunal.
1012 1898 1055 1970 85

47 2019 138 2102 Quid,
161 2027 189 2086 si
210 2024 338 2084 vidisset
358 2036 543 2104 praetorem
565 2025 710 2089 curribus
732 2025 803 2084 altis

44 2138 220 2220 Exstantem
241 2157 274 2204 et
294 2144 402 2206 medio
424 2144 599 2220 sublimem
619 2147 655 2206 in
676 2145 812 2227 pulvere
830 2143 918 2208 Circi
961 2223 969 2245 Ι

43 2257 74 2320 In
92 2266 202 2326 tunica
222 2264 306 2326 Iovis
329 2277 361 2324 et
382 2266 489 2345 pictae
510 2263 649 2324 Sarrana
669 2263 830 2324 serentem

42 2379 82 2442 Ex
102 2385 244 2446 humeris
266 2385 380 2446 aulaea
400 2396 495 2464 togae
516 2395 717 2464 magnaeque
739 2398 876 2452 coronae

43 2499 181 2588 Tantumv
196 2504 324 2578 orbern,
348 2516 468 2586 quanto
491 2504 600 2564 cervix
621 2515 689 2562 non
709 2486 826 2562 sufficit
847 2499 935 2562 ulla?
1014 2497 1056 2564 40

46 2621 162 2708 Quippe
182 2638 273 2686 tenet
293 2624 410 2684 sudans
431 2623 518 2684 hanc
540 2623 703 2705 publicus,
726 2610 768 2682 et⁸
780 2622 853 2684 sibi·
865 2621 993 2710 Consul

43 2739 83 2802 Ne
101 2747 244 2826 placeat,
267 2765 364 2808 curru
385 2763 491 2804 servus
512 2757 660 2826 portatur
681 2745 805 2806 eodem.

43 2861 86 2924 Da
104 2886 193 2926 nunc
215 2877 248 2926 et
269 2864 449 2939 volucrem,
470 2879 596 2946 sceptro
620 2885 699 2944 quae
720 2866 821 2945 surgit
843 2863 981 2935 eburno,
1062 2841 1065 2848 Ι

21 3007 22 3014 ¹
43 2979 126 3044 Illinc
148 2985 343 3058 cornicines,
372 2985 450 3044 hinc
471 2985 698 3066 praecedentia
719 2985 811 3062 longi

45 3103 177 3182 Agminis
201 3105 307 3166 officia
330 3113 363 3164 et
383 3107 492 3166 niveos
516 3105 557 3174 ad
576 3105 668 3164 frena
692 3103 848 3180 Quirites,
894 3183 898 3190 ¹
1014 3092 1057 3160 46

45 3219 165 3284 Defossa
186 3225 223 3284 in
244 3225 358 3284 loculis
382 3245 458 3306 quos
479 3225 624 3305 sportula
645 3223 727 3282 fecit.
744 3223 873 3280 amicos.

45 3335 127 3404 Tunc
148 3360 275 3426 quoque
296 3349 467 3406 materiam
488 3347 567 3406 risus
589 3345 713 3404 invenit
735 3342 776 3402 ad
798 3355 909 3400 omnes

46 3461 190 3526 Occursur
211 3464 399 3538 hominum,
423 3467 512 3526 cuius
531 3465 687 3545 pudentia
707 3473 880 3534 monstrat,

46 3580 182 3646 Summos
204 3605 294 3666 posse
317 3590 398 3648 viros
421 3599 453 3646 et
474 3605 593 3666 magne
615 3585 763 3664 exempla
785 3583 913 3642 daturos
983 3629 987 3638 .

47 3700 215 3766 Vervecrun
235 3707 272 3766 in
293 3708 398 3786 patria
420 3723 585 3786 crassoque
606 3703 664 3766 sub
689 3709 760 3762 aere
782 3701 887 3796 nasci..
1013 3693 1057 3764 50

46 3819 173 3884 Ridebat
195 3845 302 3900 curas,
326 3845 475 3886 necnon
497 3839 529 3886 et
551 3826 667 3907 gaudia
688 3825 795 3902 vulgi:

47 3937 206 4006 Interdum
227 3957 260 4006 et
282 3947 456 4020 lacrmnas,
479 3963 580 4027 quum
600 3945 761 4006 Fortunae
783 3943 849 4021 ipse
872 3935 995 4002 minaci

48 4056 205 4126 Mandaret
227 4066 381 4148 laqueum
402 4066 609 4144 mediumque
632 4061 811 4124 ostenderet
832 4077 985 4142 unguem«

147 4165 153 4185 “
835 4185 855 4240 a
