2642 4850
167 399 219 464 nt
241 403 283 464 n.
304 399 392 466 tun
414 375 642 468 tuvnnstts
663 403 855 466 sunnin
876 403 948 466 vn.
1007 404 1073 471 sot

54 575 195 654 graviora
214 576 277 656 ipsi
295 573 460 664 afferenda
482 583 591 653 erant,
624 597 725 658 qutun
746 579 855 639 iaceat
872 593 1074 638 marmoreus

52 693 288 770 quodammodo
305 695 435 758 defendi
447 710 550 778 queat.
594 697 647 758 En
663 683 736 758 mea
749 699 909 758 sententia
923 693 1075 757 emenda·
1178 679 1182 692 ’

51 813 92 872 tio
113 811 282 874 Gronovii'
302 835 376 876 eam
392 816 433 876 ob
454 837 583 878 causam
601 817 802 880 admittendo
821 837 888 878 non
911 828 976 887 est,
999 815 1075 894 quis

50 929 131 994 horti
154 933 353 996 adiectivum
368 936 546 1016 postulant,
571 958 632 1019 quo
655 937 786 998 divitiae
806 921 932 997 Luceni
952 930 1073 1016 signifi-

51 1065 169 1114 centur.
215 1054 300 1114 Nam
322 1053 363 1114 ed
385 1071 435 1114 eas
449 1057 636 1118 indicandas
654 1060 760 1138 ipsum
781 1055 995 1118 Cordubensis
1016 1071 1073 1112 no·

50 1189 122 1232 men
135 1193 208 1234 non
219 1173 372 1240 satisfacit
386 1190 517 1258 propter
532 1180 716 1260 oppositum
736 1179 829 1240 tenui
853 1177 971 1238 Saleio.
1015 1173 1074 1234 Dt-

51 1272 117 1350 vitis
133 1313 211 1354 vero
226 1296 559 1376 circumscriptionem
572 1297 686 1371 habes,
707 1299 911 1378 simulatque,
931 1295 1074 1358 ablativo

51 1415 242 1474 marmoreis
254 1429 379 1490 sumto,
401 1417 510 1480 hortos
523 1417 684 1498 intelligas
696 1417 806 1508 statuis
818 1417 1006 1476 marmoreis
1021 1415 1073 1475 iis»

51 1549 107 1609 que
134 1532 358 1614 frequentibus
389 1549 568 1598 exornatos.
611 1535 745 1596 Plinius·
769 1507 858 1618 epist.
886 1530 984 1610 Vnt,
1025 1537 1074 1600 18.

52 1647 124 1712 Fuit
137 1654 316 1719 enim-tam
335 1658 507 1737 copiosus‚'
524 1669 561 1716 ut
584 1657 802 1738 amplissimos
822 1657 935 1718 hortos
950 1655 1075 1726 eadent,
1139 1678 1146 1734 j

51 1792 108 1851 quo
134 1787 281 1848 emerat,
304 1775 361 1838 die
384 1777 584 1836 instruxerit
603 1777 810 1858 plurimis*et
833 1775 1075 1858 antiquissimis

53 1895 180 1956 statuis.
226 1895 354 1956 Deinde
369 1897 458 1958 horti
471 1897 534 1956 hoc
547 1897 620 1958 loco
630 1915 701 1958 -non
717 1897 824 1972 villae,
847 1894 928 1978 quae
944 1896 1076 1976 quidem

52 2013 138 2074 tesbi
157 2015 369 2096 significatio,
391 2029 470 2075 teste
487 2017 610 2092 Plinio,
633 2019 765 2098 antiqua
787 2031 846 2092 est,
869 2017 925 2080 sed
943 2018 1089 2098 propria.

51 2131 81 2190 vi
95 2134 247 2196 sumendi
266 2148 355 2196 sunt:
379 2136 476 2196 villae
496 2137 533 2196 in
554 2136 655 2196 hortis
679 2135 867 2199 aedificatae
891 2149 998 2210 erant,
1021 2136 1074 2198 vel

52 2250 85 2310 iis
99 2253 299 2316 adiacebant.
332 2255 464 2348 ¹Plinius
481 2256 553 2316 hist.
570 2269 636 2316 nat.
652 2257 708 2317 lib.
723 2256 813 2329 XIX,
837 2276 864 2316 c.
880 2257 909 2316 4.
955 2254 994 2316 ln
1009 2253 1077 2314 ΧΗ
1179 2269 1180 2272 ’

52 2370 173 2454 tabulis
189 2375 299 2454 legunt
310 2379 497 2434 nostrarnm'
507 2393 664 2470 nusquam
679 2375 867 2436 nominatur
879 2371 972 2445 villa,
994 2387 1075 2463 serst-

52 2509 109 2568 per
137 2495 174 2554 in
206 2493 456 2574 significatione
487 2515 528 2555 aa
546 2495 681 2564 hortus:
705 2495 748 2555 t'n
772 2493 863 2554 horti
881 2513 961 2553 vero
982 2491 1075 2552 fiare-

10 2695 12 2700 .
54 2611 147 2674 dium.
171 2647 213 2658 -
257 2613 329 2674 Iam
349 2613 487 2695 quidem·
502 2614 672 2676 hortorum
694 2605 877 2674 nomina'in
891 2613 972 2694 'ipsa
992 2611 1075 2674 urbo

52 2730 198 2808 delicias,
221 2755 331 2814 agros,
352 2733 520 2814 villasque.
532 2735 713 2814 possident.
752 2733 885 2823 Primus
901 2713 964 2796 ftoc
981 2735 1074 2796 insti,
1167 2745 1173 2757 '

52 2852 114 2910 tuit
137 2853 280 2916 Athonis
303 2853 468 2934 Epicurus
491 2854 552 2914 otii
577 2854 750 2934 magister.
772 2879 775 2888 ·
800 2845 906 2936 Usque
929 2853 975 2916 ad
1000 2873 1075 2918 eum
1135 2851 1138 2860 ’

52 2973 149 3032 moris
170 2971 363 3056 nonfuerat
378 2973 413 3032 in
427 2973 559 3052 oppidis
570 2973 718 3036 habitari
731 2991 821 3034 rura.
866 2973 991 3036 Romae
1005 2975 1075 3054 qui«

52 3086 121 3150 dam
140 3111 204 3174 per
216 3113 252 3151 se
264 3067 386 3152 hortus
399 3111 483 3170 ager
499 3093 662 3172 pauperis
685 3105 744 3152 est.
786 3091 1007 3171 decerequod
1027 3091 1074 3152 di⁴

53 3209 101 3282 cit,
125 3214 219 3275 otiosi
226 3224 279 3274 est
289 3212 439 3283 hominis,
453 3199 665 3274 'meditationi
678 3223 735 3274 aut
746 3211 914 3292 scriptioni
922 3212 958 3270 in
967 3211 1074 3272 iectus

53 3324 83 3386 lo
94 3305 314 3394 lucubratos-lo
325 3332 472 3394 vacante.
496 3329 607 3392 Horat.
621 3329 687 3393 Sat.
694 3329 750 3408 lib.
758 3329 784 3411 1.
806 3329 927 3404 sath.
943 3350 984 3392 vs.
999 3333 1078 3407 ma.
1116 3307 1118 3316 ¹

52 3447 95 3508 ad
114 3465 267 3531 quartam
295 3453 412 3514 iaceo·
441 3451 564 3516 Plinius
583 3451 674 3532 e'pist.
692 3449 755 3512 lib.
776 3450 821 3526 t,
851 3471 900 3534 ep.
921 3449 950 3516 6.
979 3412 1074 3512 Visus

53 3579 101 3626 est
121 3570 187 3632 sibi
214 3572 247 3632 C.
265 3573 413 3638 Fannius
439 3591 501 3652 per
519 3585 713 3634 nocturnam
740 3573 881 3653 quietem
904 3571 1021 3671 iacere!
1038 3572 1076 3632 in

55 3681 173 3750 lectula
200 3711 258 3752 suo
281 3690 475 3772 compositus
504 3673 538 3753 in
563 3691 714 3753 habitum
741 3691 916 3752 studentis.
955 3687 1074 3755 Horat.

56 3799 117 3867 Sat.
129 3809 185 3875 lib.
200 3809 225 3883 Ι,
246 3822 303 3874 sat.
315 3808 371 3883 IV,
395 3829 436 3872 vs.
449 3813 524 3874 ’133
549 3829 686 3889 quocum
703 3809 847 3870 conferas
862 3807 955 3868 Ovid.
978 3787 1074 3912 Trist.

57 3919 82 3995 Ι,
122 3929 162 3991 el.
191 3933 246 4004 tc,
276 3949 320 3990 vs.
342 3932 393 3997 37.
424 3931 499 3992 Non
519 3930 602 3994 haec
624 3931 660 3988 in
677 3929 815 4000 nostris,
843 3941 880 3988 ut
901 3930 1073 4010 quondam,

57 4047 222 4125 scribimus
239 4051 362 4166 norps:
383 4069 443 4116 nec
455 4063 608 4118 connata
626 4035 731 4114 maun
751 4047 871 4114 lectule
887 4061 1004 4135 corpus
1016 4047 1074 4113 lta·

441 4138 488 4220 N

73 4377 81 4411 l
