2706 4860
285 419 329 494 ts
568 417 1036 487 u.1uc.1uvauacrs

284 601 327 663 Et
349 594 498 676 strepitu,
530 605 562 652 et
584 592 666 654 facie
688 595 817 654 maioris
838 596 945 656 vivere
968 615 1091 662 seuam„

282 719 346 806 spa
367 715 467 776 finem
487 715 651 795 impensae
666 733 734 774 non
755 727 858 776 serrat
879 715 1013 797 prodiga
1033 715 1151 778 Roma·

253 903 259 910 ,
280 840 424 902 Fidimus
443 833 589 916 eloquio?
620 833 771 913 Ciceroni
791 851 897 898 uestrox
912 833 1064 896 ducentos

208 975 210 982 ’
278 959 374 1021 Nunc
394 955 518 1016 dederit
528 971 688 1028 nummos,
707 954 771 1014 nisi
784 953 909 1014 fulserit
923 955 1061 1024 annulus
1072 957 1198 1038 iugens.
1242 957 1297 1022 tto

242 1065 245 1076 '
277 1077 421 1160 cespius
442 1075 523 1134 haec
544 1041 709 1154 primum,
727 1074 782 1153 qur
802 1074 923 1153 augo,
947 1093 993 1143 aa
1009 1074 1072 1162 rsus,
1091 1078 1175 1138 servi

278 1175 378 1271 Octo,
402 1195 516 1254 decem
537 1185 687 1270 comites,
710 1213 753 1253 an
773 1208 845 1276 post
865 1205 898 1254 te
920 1192 1017 1265 sella,
1038 1197 1140 1276 togati

274 1319 361 1381 Ante
382 1315 485 1398 pedes.
529 1313 605 1388 Ideo
628 1311 788 1374 conducta
809 1313 926 1376 Paulus
950 1313 1064 1394 agebat

155 1405 157 1412 y
274 1435 481 1518 Sardonyche
504 1447 598 1514 atque
619 1433 693 1494 ideo
715 1435 825 1515 pluris,
848 1453 945 1514 quam
967 1431 1079 1494 Cossus
1102 1431 1236 1515 agebat,

274 1557 383 1637 Quam
403 1554 533 1614 Basilus.
577 1553 663 1613 Rara
683 1553 720 1614 iu
740 1555 832 1614 tenui
854 1553 1005 1614 facundia
1027 1573 1161 1635 panno:
1239 1551 1293 1620 145

273 1647 411 1756 Quando
433 1671 514 1734 licet‘
532 1673 636 1732 Basilo
658 1672 793 1734 flentem
814 1673 992 1754 producere
1014 1675 1175 1734 matrem?

273 1795 353 1875 Quis
374 1795 457 1854 bene
480 1794 643 1876 dicentem
665 1793 807 1884 Basilum
825 1793 927 1854 ferat?
950 1797 1088 1875 accipiat
1108 1807 1143 1856 te

271 1914 395 1988 Gallia,
418 1914 470 1972 vel
492 1914 597 1993 potius
620 1909 783 1976 nutricbla
806 1913 1042 1974 causidicorum
1093 1941 1099 1952 κ
1224 1967 1228 1974 .

269 2035 397 2108 Africa,
417 2035 446 2094 si
466 2033 589 2114 placuit
610 2032 795 2094 mercedem
816 2049 937 2113 ponere
958 2033 1097 2115 lingrrae.
1118 2099 1121 2106 ,

332 2126 524 2216 Declamare
547 2152 669 2235 doces&
703 2152 734 2213 O
758 2151 861 2214 ferrea
882 2166 1013 2235 pectora
1041 2151 1144 2228 vestr,
1217 2151 1292 2222 lto
1338 2193 1339 2198 κ

267 2277 378 2356 Quum
398 2275 532 2358 perimit
552 2291 658 2333 saevos
681 2274 786 2335 classis
806 2293 978 2336 numerosa
998 2286 1164 2354 tyrannos.

225 2371 229 2384 ¹
265 2397 351 2458 Nam
364 2413 573 2477 quaecunque
587 2393 699 2484 sedens
712 2395 810 2455 modo
825 2396 956 2476 legerat,
972 2394 1052 2454 haec
1066 2395 1183 2459 eadem
1197 2409 1288 2460 stans.

263 2515 425 2576 Proleret·
443 2527 538 2594 atque
560 2515 675 2574 eadem
696 2513 839 2576 cantabit
860 2514 1002 2574 versibus
1023 2516 1135 2604 isdem.

264 2635 391 2696 Occidit
413 2636 545 2694 miseros
567 2634 699 2694 crambe
719 2637 857 2714 repetita
878 2636 1053 2714 magistros.
1090 2703 1091 2710 χ

262 2753 344 2834 Quis
351 2723 443 2814 color
456 2767 488 2813 et
503 2753 589 2834 quod
602 2755 643 2813 sit
652 2771 764 2813 causae
776 2772 876 2840 gemas
890 2755 1047 2834 atqueubi
1053 2775 1181 2820 summa
1227 2755 1285 2824 155
1336 2821 1337 2826 ,

263 2875 430 2953 Quaestio,
455 2893 535 2954 quae
556 2875 689 2934 veniant
710 2873 837 2934 diversa
856 2886 948 2956 parte
968 2877 1118 2956 sagittae,
1176 2857 1187 2887 '¹

181 2963 184 2968 Ι
258 2994 359 3055 Nosse
380 2993 482 3054 velint
501 3011 630 3066 omnes,
659 2993 845 3054 mercedem
866 2994 988 3056 solvere
1010 3005 1117 3056 nemo.
1215 3013 1220 3018 ·

257 3113 446 3175 Mercedem
468 3114 629 3196 appellas?
651 3115 730 3195 quid
752 3115 840 3174 onim
861 3115 946 3176 scio?
991 3115 1094 3198 Culpa
1117 3117 1261 3182 docentis

256 3233 387 3295 Scilicet
409 3237 571 3316 arguitur,
595 3235 681 3316 quod
702 3235 794 3295 laeva
814 3237 851 3296 in
871 3249 963 3318 parte
985 3237 1152 3327 mamillae

256 3349 312 3416 Nil
333 3355 406 3415 salit
427 3353 583 3415 Arcadico
604 3356 731 3429 iuveni,
755 3357 845 3416 cuius
865 3356 949 3418 milri
974 3370 1061 3421 sexta
1221 3363 1281 3428 160

257 3473 391 3556 Quaque
414 3473 466 3534 die
486 3475 642 3534 miserum
663 3475 749 3536 dirus
772 3487 869 3556 caput
889 3447 1056 3540 Hancibcl
1076 3481 1210 3562 implet:

255 3594 421 3677 Quidquid
440 3593 475 3656 id
497 3606 559 3670 est,
581 3575 621 3654 de
644 3613 707 3676 quo
731 3595 902 3670 deliberat,
925 3615 967 3658 an
987 3611 1077 3679 petat
1097 3601 1218 3668 urbem

252 3715 281 3776 A
305 3715 438 3789 Cannis,
461 3735 504 3776 an
524 3726 595 3796 post
612 3715 796 3776 nimbosas
819 3715 955 3778 fulmina
977 3732 1088 3780 cautus
1332 3727 1333 3772 l

220 3828 224 3840 '
252 3835 458 3916 Circumagat
479 3834 624 3896 madidas
646 3853 665 3894 a
686 3847 878 3916 tempestate
900 3837 1055 3901 cohortes.
1189 3847 1195 3858 '

251 3953 420 4035 Quantum
432 3956 479 4014 vie
496 3955 658 4036 stipulare,
681 3967 715 4016 et
722 3957 867 4036 protinus
882 3961 1000 4040 accipe,
1015 3959 1100 4039 quod
1110 3959 1163 4034 do,
1210 3959 1273 4030 156

250 4073 295 4164 lit
316 4076 409 4135 toties
429 4073 526 4135 illum
547 4087 639 4157 pater
657 4075 779 4140 audiat
822 4079 880 4138 Ast
902 4079 958 4140 alii
977 4097 1031 4138 sex

1331 3517 1334 3546 l

1333 3581 1334 3616 l

1332 3625 1334 3672 l
