<?xml version="1.0" encoding="UTF-8"?>
<!DOCTYPE html PUBLIC "-//W3C//DTD XHTML 1.0 Transitional//EN"
    "http://www.w3.org/TR/xhtml1/DTD/xhtml1-transitional.dtd">
<html xmlns="http://www.w3.org/1999/xhtml" xml:lang="en" lang="en">
 <head>
  <title>
</title>
<meta http-equiv="Content-Type" content="text/html;charset=utf-8" />
  <meta name='ocr-system' content='tesseract 3.04.00' />
  <meta name='ocr-capabilities' content='ocr_page ocr_carea ocr_par ocr_line ocrx_word'/>
</head>
<body>
  <div class='ocr_page' id='page_1' title='image "./satiraexvi00juvgoog_0064.png"; bbox 0 0 2706 4860; ppageno 0'>
   <div class='ocr_carea' id='block_1_1' title="bbox 381 471 743 540">
    <p class='ocr_par' dir='ltr' id='par_1_1' title="bbox 381 471 743 540">
     <span class='ocr_line' id='line_1_1' title="bbox 381 471 743 540; baseline 0.008 -4"><span class='ocrx_word' id='word_1_1' title='bbox 381 471 638 536; x_wconf 70' lang='lat' dir='ltr'><strong>sartan</strong></span> <span class='ocrx_word' id='word_1_2' title='bbox 681 475 743 540; x_wconf 84' lang='lat' dir='ltr'><strong>VI.</strong></span> 
     </span>
    </p>
   </div>
   <div class='ocr_carea' id='block_1_2' title="bbox 48 645 1072 4232">
    <p class='ocr_par' dir='ltr' id='par_1_2' title="bbox 48 645 1072 4232">
     <span class='ocr_line' id='line_1_2' title="bbox 60 645 865 726; baseline 0.01 -23"><span class='ocrx_word' id='word_1_3' title='bbox 60 645 214 705; x_wconf 87' lang='lat' dir='ltr'><strong>Condncit</strong></span> <span class='ocrx_word' id='word_1_4' title='bbox 235 647 384 718; x_wconf 82' lang='lat' dir='ltr'><strong>comites,</strong></span> <span class='ocrx_word' id='word_1_5' title='bbox 406 647 535 719; x_wconf 87' lang='lat' dir='ltr'><strong>sellam,</strong></span> <span class='ocrx_word' id='word_1_6' title='bbox 558 649 709 723; x_wconf 83' lang='lat' dir='ltr'><strong>cervical,</strong></span> <span class='ocrx_word' id='word_1_7' title='bbox 733 651 865 726; x_wconf 80' lang='lat' dir='ltr'><strong>amitas,</strong></span> 
     </span>
     <span class='ocr_line' id='line_1_3' title="bbox 58 764 921 852; baseline 0.009 -28"><span class='ocrx_word' id='word_1_8' title='bbox 58 765 220 825; x_wconf 85' lang='lat' dir='ltr'><strong>Nutricem</strong></span> <span class='ocrx_word' id='word_1_9' title='bbox 236 778 270 826; x_wconf 90' lang='lat' dir='ltr'><strong>et</strong></span> <span class='ocrx_word' id='word_1_10' title='bbox 284 764 416 840; x_wconf 90' lang='lat' dir='ltr'><strong>flavam,</strong></span> <span class='ocrx_word' id='word_1_11' title='bbox 440 769 493 827; x_wconf 86' lang='lat' dir='ltr'><strong>cui</strong></span> <span class='ocrx_word' id='word_1_12' title='bbox 513 767 566 828; x_wconf 91' lang='lat' dir='ltr'><strong>det</strong></span> <span class='ocrx_word' id='word_1_13' title='bbox 579 771 746 844; x_wconf 92' lang='lat' dir='ltr'><strong>mandata,</strong></span> <span class='ocrx_word' id='word_1_14' title='bbox 769 771 921 852; x_wconf 87' lang='lat' dir='ltr'><strong>puellam.</strong></span> 
     </span>
     <span class='ocr_line' id='line_1_4' title="bbox 58 873 1072 971; baseline 0.015 -27"><span class='ocrx_word' id='word_1_15' title='bbox 58 883 136 944; x_wconf 90' lang='lat' dir='ltr'><strong>Haec</strong></span> <span class='ocrx_word' id='word_1_16' title='bbox 145 873 266 946; x_wconf 47' lang='lat' dir='ltr'><strong>&#39;tamen</strong></span> <span class='ocrx_word' id='word_1_17' title='bbox 281 889 406 966; x_wconf 80' lang='lat' dir='ltr'><strong>argenti</strong></span> <span class='ocrx_word' id='word_1_18' title='bbox 417 901 557 968; x_wconf 85' lang='lat' dir='ltr'><strong>superest</strong></span> <span class='ocrx_word' id='word_1_19' title='bbox 571 889 783 971; x_wconf 88' lang='lat' dir='ltr'><strong>quodcunque</strong></span> <span class='ocrx_word' id='word_1_20' title='bbox 796 891 924 971; x_wconf 86' lang='lat' dir='ltr'><strong>paterni</strong></span> <span class='ocrx_word' id='word_1_21' title='bbox 1009 889 1072 958; x_wconf 76' lang='lat'><strong>855</strong></span> 
     </span>
     <span class='ocr_line' id='line_1_5' title="bbox 57 1003 775 1080; baseline 0.01 -17"><span class='ocrx_word' id='word_1_22' title='bbox 57 1003 185 1064; x_wconf 87' lang='lat' dir='ltr'><strong>Levibus</strong></span> <span class='ocrx_word' id='word_1_23' title='bbox 200 1004 470 1080; x_wconf 70' lang='lat' dir='ltr'><strong>athletis&#39;aovasa</strong></span> <span class='ocrx_word' id='word_1_24' title='bbox 483 1009 654 1070; x_wconf 88' lang='lat' dir='ltr'><strong>novissima</strong></span> <span class='ocrx_word' id='word_1_25' title='bbox 668 1011 775 1070; x_wconf 91' lang='lat' dir='ltr'><strong>donat.</strong></span> 
     </span>
     <span class='ocr_line' id='line_1_6' title="bbox 57 1103 944 1220; baseline 0.012 -38"><span class='ocrx_word' id='word_1_26' title='bbox 57 1123 159 1184; x_wconf 89' lang='lat' dir='ltr'><strong>Multis</strong></span> <span class='ocrx_word' id='word_1_27' title='bbox 172 1144 223 1183; x_wconf 88' lang='lat' dir='ltr'><strong>res</strong></span> <span class='ocrx_word' id='word_1_28' title='bbox 238 1137 372 1206; x_wconf 83' lang='lat' dir='ltr'><strong>angusta</strong></span> <span class='ocrx_word' id='word_1_29' title='bbox 384 1103 485 1188; x_wconf 75' lang='lat' dir='ltr'><strong>domi:</strong></span> <span class='ocrx_word' id='word_1_30' title='bbox 507 1129 561 1188; x_wconf 89' lang='lat' dir='ltr'><strong>sed</strong></span> <span class='ocrx_word' id='word_1_31' title='bbox 579 1129 670 1189; x_wconf 90' lang='lat' dir='ltr'><strong>nulla</strong></span> <span class='ocrx_word' id='word_1_32' title='bbox 682 1130 840 1210; x_wconf 86' lang='lat' dir='ltr'><strong>pudorem</strong></span> <span class='ocrx_word' id='word_1_33' title='bbox 936 1213 944 1220; x_wconf 34' lang='grc'><strong><em>,</em></strong></span> 
     </span>
     <span class='ocr_line' id='line_1_7' title="bbox 54 1243 829 1339; baseline 0.01 -37"><span class='ocrx_word' id='word_1_34' title='bbox 54 1243 247 1324; x_wconf 87' lang='lat' dir='ltr'><strong>Paupertatis</strong></span> <span class='ocrx_word' id='word_1_35' title='bbox 261 1245 376 1324; x_wconf 85' lang='lat' dir='ltr'><strong>habet,</strong></span> <span class='ocrx_word' id='word_1_36' title='bbox 398 1267 458 1308; x_wconf 92' lang='lat' dir='ltr'><strong>nec</strong></span> <span class='ocrx_word' id='word_1_37' title='bbox 474 1267 506 1310; x_wconf 90' lang='lat' dir='ltr'><strong>se</strong></span> <span class='ocrx_word' id='word_1_38' title='bbox 521 1250 654 1315; x_wconf 87' lang='lat' dir='ltr'><strong>metitur</strong></span> <span class='ocrx_word' id='word_1_39' title='bbox 667 1249 707 1308; x_wconf 88' lang='lat' dir='ltr'><strong>ad</strong></span> <span class='ocrx_word' id='word_1_40' title='bbox 719 1249 829 1339; x_wconf 80' lang='lat' dir='ltr'><strong>illum,</strong></span> 
     </span>
     <span class='ocr_line' id='line_1_8' title="bbox 56 1365 1067 1458; baseline 0.01 -36"><span class='ocrx_word' id='word_1_41' title='bbox 56 1365 152 1444; x_wconf 88' lang='lat' dir='ltr'><strong>Quem</strong></span> <span class='ocrx_word' id='word_1_42' title='bbox 167 1365 256 1424; x_wconf 90' lang='lat' dir='ltr'><strong>dedit</strong></span> <span class='ocrx_word' id='word_1_43' title='bbox 272 1365 352 1458; x_wconf 90' lang='lat' dir='ltr'><strong>haec</strong></span> <span class='ocrx_word' id='word_1_44' title='bbox 360 1368 529 1450; x_wconf 82' lang='lat' dir='ltr'><strong>posuitque</strong></span> <span class='ocrx_word' id='word_1_45' title='bbox 541 1369 694 1428; x_wconf 77' lang='lat' dir='ltr'><strong>modurn·</strong></span> <span class='ocrx_word' id='word_1_46' title='bbox 707 1367 833 1429; x_wconf 86' lang='lat' dir='ltr'>Tamen</span> <span class='ocrx_word' id='word_1_47' title='bbox 842 1369 927 1430; x_wconf 53' lang='lat' dir='ltr'><strong>*utile</strong></span> <span class='ocrx_word' id='word_1_48' title='bbox 940 1371 1015 1454; x_wconf 90' lang='lat' dir='ltr'><strong>quid</strong></span> <span class='ocrx_word' id='word_1_49' title='bbox 1026 1373 1067 1432; x_wconf 91' lang='lat' dir='ltr'><strong>sit</strong></span> 
     </span>
     <span class='ocr_line' id='line_1_9' title="bbox 55 1481 1066 1570; baseline 0.012 -26"><span class='ocrx_word' id='word_1_50' title='bbox 55 1481 247 1566; x_wconf 87' lang='lat' dir='ltr'><strong>Prospiciunt</strong></span> <span class='ocrx_word' id='word_1_51' title='bbox 267 1483 438 1566; x_wconf 87' lang='lat' dir='ltr'><strong>aliquando</strong></span> <span class='ocrx_word' id='word_1_52' title='bbox 453 1487 530 1562; x_wconf 87' lang='lat' dir='ltr'><strong>viri,</strong></span> <span class='ocrx_word' id='word_1_53' title='bbox 550 1487 711 1570; x_wconf 78' lang='lat' dir='ltr'><strong>frigusque</strong></span> <span class='ocrx_word' id='word_1_54' title='bbox 723 1487 906 1570; x_wconf 88' lang='lat' dir='ltr'><strong>famemque</strong></span> <span class='ocrx_word' id='word_1_55' title='bbox 1002 1493 1066 1556; x_wconf 76' lang='lat'><strong>360</strong></span> 
     </span>
     <span class='ocr_line' id='line_1_10' title="bbox 56 1593 975 1688; baseline 0.004 -24"><span class='ocrx_word' id='word_1_56' title='bbox 56 1606 191 1667; x_wconf 87' lang='lat' dir='ltr'><strong>Formica</strong></span> <span class='ocrx_word' id='word_1_57' title='bbox 204 1605 340 1666; x_wconf 88' lang='lat' dir='ltr'><strong>tandem</strong></span> <span class='ocrx_word' id='word_1_58' title='bbox 354 1605 485 1686; x_wconf 84' lang='lat' dir='ltr'><strong>quidam</strong></span> <span class='ocrx_word' id='word_1_59' title='bbox 500 1627 653 1688; x_wconf 85' lang='lat' dir='ltr'><strong>expavere</strong></span> <span class='ocrx_word' id='word_1_60' title='bbox 666 1609 827 1688; x_wconf 80' lang='lat' dir='ltr'><strong>magistra.</strong></span> <span class='ocrx_word' id='word_1_61' title='bbox 893 1631 912 1644; x_wconf 66' lang='lat'>=</span> <span class='ocrx_word' id='word_1_62' title='bbox 969 1593 975 1604; x_wconf 56' lang='lat'>⁸</span> 
     </span>
     <span class='ocr_line' id='line_1_11' title="bbox 54 1725 854 1808; baseline 0.005 -23"><span class='ocrx_word' id='word_1_63' title='bbox 54 1726 179 1808; x_wconf 84' lang='lat' dir='ltr'><strong>Prodiga</strong></span> <span class='ocrx_word' id='word_1_64' title='bbox 192 1746 262 1785; x_wconf 92' lang='lat' dir='ltr'><strong>non</strong></span> <span class='ocrx_word' id='word_1_65' title='bbox 275 1725 371 1785; x_wconf 80' lang='lat' dir='ltr'><strong>sentit</strong></span> <span class='ocrx_word' id='word_1_66' title='bbox 386 1739 576 1807; x_wconf 81' lang='lat' dir='ltr'><strong>pereuntem</strong></span> <span class='ocrx_word' id='word_1_67' title='bbox 587 1727 710 1788; x_wconf 83' lang='lat' dir='ltr'><strong>femina</strong></span> <span class='ocrx_word' id='word_1_68' title='bbox 722 1747 854 1790; x_wconf 90' lang='lat' dir='ltr'><strong>censum</strong></span> 
     </span>
     <span class='ocr_line' id='line_1_12' title="bbox 55 1844 821 1927; baseline 0.001 -22"><span class='ocrx_word' id='word_1_69' title='bbox 55 1848 106 1922; x_wconf 77' lang='lat' dir='ltr'><strong>At,</strong></span> <span class='ocrx_word' id='word_1_70' title='bbox 127 1847 216 1924; x_wconf 65' lang='lat' dir='ltr'><strong>yelut</strong></span> <span class='ocrx_word' id='word_1_71' title='bbox 232 1844 387 1906; x_wconf 83' lang='lat' dir='ltr'><strong>exhausta</strong></span> <span class='ocrx_word' id='word_1_72' title='bbox 405 1846 563 1906; x_wconf 87' lang='lat' dir='ltr'><strong>recidivus</strong></span> <span class='ocrx_word' id='word_1_73' title='bbox 573 1845 713 1927; x_wconf 85' lang='lat' dir='ltr'><strong>pullulet</strong></span> <span class='ocrx_word' id='word_1_74' title='bbox 730 1867 821 1926; x_wconf 25' lang='lat' dir='ltr'><strong>arca·</strong></span> 
     </span>
     <span class='ocr_line' id='line_1_13' title="bbox 53 1965 823 2048; baseline 0.001 -22"><span class='ocrx_word' id='word_1_75' title='bbox 53 1965 201 2028; x_wconf 84' lang='lat' dir='ltr'><strong>Nummus</strong></span> <span class='ocrx_word' id='word_1_76' title='bbox 216 1977 249 2026; x_wconf 89' lang='lat' dir='ltr'><strong>et</strong></span> <span class='ocrx_word' id='word_1_77' title='bbox 265 1983 283 2024; x_wconf 92' lang='lat' dir='ltr'><strong>e</strong></span> <span class='ocrx_word' id='word_1_78' title='bbox 295 1965 392 2045; x_wconf 89' lang='lat' dir='ltr'><strong>pleno</strong></span> <span class='ocrx_word' id='word_1_79' title='bbox 406 1966 540 2026; x_wconf 91' lang='lat' dir='ltr'><strong>tollatur</strong></span> <span class='ocrx_word' id='word_1_80' title='bbox 555 1985 680 2048; x_wconf 86' lang='lat' dir='ltr'><strong>semper</strong></span> <span class='ocrx_word' id='word_1_81' title='bbox 694 1987 823 2041; x_wconf 90' lang='lat' dir='ltr'><strong>acervo,</strong></span> 
     </span>
     <span class='ocr_line' id='line_1_14' title="bbox 51 2085 1061 2168; baseline 0.008 -22"><span class='ocrx_word' id='word_1_82' title='bbox 51 2085 115 2147; x_wconf 85' lang='lat' dir='ltr'><strong>Non</strong></span> <span class='ocrx_word' id='word_1_83' title='bbox 127 2105 273 2168; x_wconf 89' lang='lat' dir='ltr'><strong>unquam</strong></span> <span class='ocrx_word' id='word_1_84' title='bbox 289 2098 434 2166; x_wconf 90' lang='lat' dir='ltr'><strong>reputat,</strong></span> <span class='ocrx_word' id='word_1_85' title='bbox 458 2087 569 2166; x_wconf 87' lang='lat' dir='ltr'><strong>quanti</strong></span> <span class='ocrx_word' id='word_1_86' title='bbox 583 2085 644 2146; x_wconf 91' lang='lat' dir='ltr'><strong>sibi</strong></span> <span class='ocrx_word' id='word_1_87' title='bbox 655 2087 771 2168; x_wconf 83' lang='lat' dir='ltr'><strong>gaudia</strong></span> <span class='ocrx_word' id='word_1_88' title='bbox 784 2097 939 2149; x_wconf 85' lang='lat' dir='ltr'><strong>constent.</strong></span> <span class='ocrx_word' id='word_1_89' title='bbox 975 2107 982 2118; x_wconf 63' lang='lat'>⁸</span> <span class='ocrx_word' id='word_1_90' title='bbox 998 2087 1061 2154; x_wconf 78' lang='lat'><strong>865</strong></span> 
     </span>
     <span class='ocr_line' id='line_1_15' title="bbox 104 2205 933 2288; baseline 0.002 -22"><span class='ocrx_word' id='word_1_91' title='bbox 104 2206 200 2280; x_wconf 88' lang='lat' dir='ltr'><strong>Sunt,</strong></span> <span class='ocrx_word' id='word_1_92' title='bbox 225 2223 301 2286; x_wconf 86' lang='lat' dir='ltr'><strong>quas</strong></span> <span class='ocrx_word' id='word_1_93' title='bbox 316 2205 457 2266; x_wconf 87' lang='lat' dir='ltr'><strong>eunuchi</strong></span> <span class='ocrx_word' id='word_1_94' title='bbox 468 2205 614 2266; x_wconf 88' lang='lat' dir='ltr'><strong>imbelles</strong></span> <span class='ocrx_word' id='word_1_95' title='bbox 629 2225 665 2265; x_wconf 93' lang='lat' dir='ltr'><strong>ac</strong></span> <span class='ocrx_word' id='word_1_96' title='bbox 678 2207 791 2267; x_wconf 89' lang='lat' dir='ltr'><strong>mollia</strong></span> <span class='ocrx_word' id='word_1_97' title='bbox 807 2227 933 2288; x_wconf 88' lang='lat' dir='ltr'><strong>semper</strong></span> 
     </span>
     <span class='ocr_line' id='line_1_16' title="bbox 52 2305 732 2406; baseline -0.001 -20"><span class='ocrx_word' id='word_1_98' title='bbox 52 2326 158 2386; x_wconf 84' lang='lat' dir='ltr'><strong>Oscula</strong></span> <span class='ocrx_word' id='word_1_99' title='bbox 173 2325 337 2385; x_wconf 83' lang='lat' dir='ltr'><strong>delectent</strong></span> <span class='ocrx_word' id='word_1_100' title='bbox 358 2339 389 2384; x_wconf 89' lang='lat' dir='ltr'><strong>et</strong></span> <span class='ocrx_word' id='word_1_101' title='bbox 402 2305 579 2406; x_wconf 75' lang='lat' dir='ltr'><strong>desperatio</strong></span> <span class='ocrx_word' id='word_1_102' title='bbox 597 2325 732 2400; x_wconf 86' lang='lat' dir='ltr'><strong>barbae,</strong></span> 
     </span>
     <span class='ocr_line' id='line_1_17' title="bbox 51 2443 954 2528; baseline -0.002 -22"><span class='ocrx_word' id='word_1_103' title='bbox 51 2445 85 2506; x_wconf 85' lang='lat' dir='ltr'><strong>Et</strong></span> <span class='ocrx_word' id='word_1_104' title='bbox 98 2445 181 2528; x_wconf 77' lang='lat' dir='ltr'><strong>quod</strong></span> <span class='ocrx_word' id='word_1_105' title='bbox 198 2443 344 2505; x_wconf 83' lang='lat' dir='ltr'><strong>abortivo</strong></span> <span class='ocrx_word' id='word_1_106' title='bbox 360 2463 427 2505; x_wconf 89' lang='lat' dir='ltr'><strong>non</strong></span> <span class='ocrx_word' id='word_1_107' title='bbox 443 2458 489 2504; x_wconf 89' lang='lat' dir='ltr'><strong>est</strong></span> <span class='ocrx_word' id='word_1_108' title='bbox 502 2461 588 2526; x_wconf 88' lang='lat' dir='ltr'><strong>opus.</strong></span> <span class='ocrx_word' id='word_1_109' title='bbox 631 2445 693 2504; x_wconf 89' lang='lat' dir='ltr'><strong>Illa</strong></span> <span class='ocrx_word' id='word_1_110' title='bbox 706 2445 850 2525; x_wconf 82' lang='lat' dir='ltr'><strong>voluptas</strong></span> <span class='ocrx_word' id='word_1_111' title='bbox 952 2515 954 2522; x_wconf 15' lang='lat' dir='ltr'>y</span> 
     </span>
     <span class='ocr_line' id='line_1_18' title="bbox 50 2563 907 2651; baseline 0.001 -26"><span class='ocrx_word' id='word_1_112' title='bbox 50 2565 172 2627; x_wconf 88' lang='lat' dir='ltr'><strong>Summa</strong></span> <span class='ocrx_word' id='word_1_113' title='bbox 185 2580 314 2639; x_wconf 88' lang='lat' dir='ltr'><strong>tamen,</strong></span> <span class='ocrx_word' id='word_1_114' title='bbox 338 2565 422 2646; x_wconf 90' lang='lat' dir='ltr'><strong>quod</strong></span> <span class='ocrx_word' id='word_1_115' title='bbox 437 2567 503 2627; x_wconf 88' lang='lat' dir='ltr'><strong>iam</strong></span> <span class='ocrx_word' id='word_1_116' title='bbox 516 2563 619 2625; x_wconf 86' lang='lat' dir='ltr'><strong>calida</strong></span> <span class='ocrx_word' id='word_1_117' title='bbox 629 2579 756 2626; x_wconf 88' lang='lat' dir='ltr'><strong>matura</strong></span> <span class='ocrx_word' id='word_1_118' title='bbox 768 2569 907 2651; x_wconf 78' lang='lat' dir='ltr'><strong>iuventa¹</strong></span> 
     </span>
     <span class='ocr_line' id='line_1_19' title="bbox 52 2684 1061 2770; baseline 0.003 -25"><span class='ocrx_word' id='word_1_119' title='bbox 52 2684 178 2768; x_wconf 74' lang='lat' dir='ltr'><strong>Inguina</strong></span> <span class='ocrx_word' id='word_1_120' title='bbox 189 2685 364 2746; x_wconf 90' lang='lat' dir='ltr'><strong>traduntur</strong></span> <span class='ocrx_word' id='word_1_121' title='bbox 377 2685 524 2760; x_wconf 89' lang='lat' dir='ltr'><strong>medicis,</strong></span> <span class='ocrx_word' id='word_1_122' title='bbox 544 2685 612 2746; x_wconf 87' lang='lat' dir='ltr'><strong>iarn</strong></span> <span class='ocrx_word' id='word_1_123' title='bbox 625 2689 753 2767; x_wconf 84' lang='lat' dir='ltr'><strong>pectine</strong></span> <span class='ocrx_word' id='word_1_124' title='bbox 773 2687 876 2770; x_wconf 86' lang='lat' dir='ltr'><strong>nigro.</strong></span> <span class='ocrx_word' id='word_1_125' title='bbox 995 2687 1061 2750; x_wconf 77' lang='lat'><strong>570</strong></span> 
     </span>
     <span class='ocr_line' id='line_1_20' title="bbox 50 2803 769 2888; baseline 0.003 -24"><span class='ocrx_word' id='word_1_126' title='bbox 50 2803 123 2888; x_wconf 81' lang='lat' dir='ltr'><strong>Ergo</strong></span> <span class='ocrx_word' id='word_1_127' title='bbox 137 2815 298 2887; x_wconf 90' lang='lat' dir='ltr'><strong>spectatos</strong></span> <span class='ocrx_word' id='word_1_128' title='bbox 315 2825 351 2866; x_wconf 89' lang='lat' dir='ltr'><strong>ac</strong></span> <span class='ocrx_word' id='word_1_129' title='bbox 364 2807 461 2867; x_wconf 86' lang='lat' dir='ltr'><strong>iussos</strong></span> <span class='ocrx_word' id='word_1_130' title='bbox 475 2825 613 2867; x_wconf 83' lang='lat' dir='ltr'><strong>crescere</strong></span> <span class='ocrx_word' id='word_1_131' title='bbox 626 2807 769 2887; x_wconf 87' lang='lat' dir='ltr'><strong>primum</strong></span> 
     </span>
     <span class='ocr_line' id='line_1_21' title="bbox 51 2922 1063 3008; baseline 0.005 -26"><span class='ocrx_word' id='word_1_132' title='bbox 51 2922 235 2998; x_wconf 85' lang='lat' dir='ltr'><strong>Testiculos,</strong></span> <span class='ocrx_word' id='word_1_133' title='bbox 257 2933 425 3006; x_wconf 85' lang='lat' dir='ltr'><strong>postquam</strong></span> <span class='ocrx_word' id='word_1_134' title='bbox 442 2941 614 3008; x_wconf 90' lang='lat' dir='ltr'><strong>coeperunt</strong></span> <span class='ocrx_word' id='word_1_135' title='bbox 627 2945 691 2986; x_wconf 89' lang='lat' dir='ltr'><strong>esse</strong></span> <span class='ocrx_word' id='word_1_136' title='bbox 706 2927 853 3000; x_wconf 87' lang='lat' dir='ltr'><strong>bilibres,</strong></span> <span class='ocrx_word' id='word_1_137' title='bbox 952 2991 957 3006; x_wconf 59' lang='lat'><strong>,</strong></span> <span class='ocrx_word' id='word_1_138' title='bbox 1061 2963 1063 2970; x_wconf 66' lang='lat'>‹</span> 
     </span>
     <span class='ocr_line' id='line_1_22' title="bbox 50 3015 779 3126; baseline 0.007 -26"><span class='ocrx_word' id='word_1_139' title='bbox 50 3040 189 3104; x_wconf 89' lang='lat' dir='ltr'><strong>Tonsoris</strong></span> <span class='ocrx_word' id='word_1_140' title='bbox 209 3045 328 3106; x_wconf 90' lang='lat' dir='ltr'><strong>damno</strong></span> <span class='ocrx_word' id='word_1_141' title='bbox 341 3057 470 3106; x_wconf 86' lang='lat' dir='ltr'><strong>tantum</strong></span> <span class='ocrx_word' id='word_1_142' title='bbox 479 3047 564 3126; x_wconf 86' lang='lat' dir='ltr'><strong>rapit</strong></span> <span class='ocrx_word' id='word_1_143' title='bbox 576 3015 779 3106; x_wconf 74' lang='lat' dir='ltr'><strong>Heliodorus.</strong></span> 
     </span>
     <span class='ocr_line' id='line_1_23' title="bbox 51 3149 905 3254; baseline 0.007 -34"><span class='ocrx_word' id='word_1_144' title='bbox 51 3149 237 3246; x_wconf 78' lang='lat' dir='ltr'><strong>Conspicuus</strong></span> <span class='ocrx_word' id='word_1_145' title='bbox 252 3167 347 3248; x_wconf 82' lang='lat' dir='ltr'><strong>longe</strong></span> <span class='ocrx_word' id='word_1_146' title='bbox 362 3167 546 3248; x_wconf 91' lang='lat' dir='ltr'><strong>cunctisque</strong></span> <span class='ocrx_word' id='word_1_147' title='bbox 562 3165 712 3254; x_wconf 83' lang='lat' dir='ltr'><strong>notabilis</strong></span> <span class='ocrx_word' id='word_1_148' title='bbox 726 3167 827 3226; x_wconf 88' lang='lat' dir='ltr'><strong>intrat</strong></span> <span class='ocrx_word' id='word_1_149' title='bbox 902 3247 905 3252; x_wconf 15' lang='grc' dir='ltr'><strong>Δ</strong></span> 
     </span>
     <span class='ocr_line' id='line_1_24' title="bbox 48 3279 1058 3362; baseline 0.005 -20"><span class='ocrx_word' id='word_1_150' title='bbox 48 3282 172 3362; x_wconf 86' lang='lat' dir='ltr'><strong>Balnea,</strong></span> <span class='ocrx_word' id='word_1_151' title='bbox 194 3305 256 3346; x_wconf 88' lang='lat' dir='ltr'><strong>nec</strong></span> <span class='ocrx_word' id='word_1_152' title='bbox 273 3286 369 3346; x_wconf 88' lang='lat' dir='ltr'><strong>dubie</strong></span> <span class='ocrx_word' id='word_1_153' title='bbox 386 3285 549 3345; x_wconf 87' lang='lat' dir='ltr'><strong>custodem</strong></span> <span class='ocrx_word' id='word_1_154' title='bbox 569 3287 640 3347; x_wconf 90' lang='lat' dir='ltr'><strong>vitis</strong></span> <span class='ocrx_word' id='word_1_155' title='bbox 660 3297 692 3346; x_wconf 88' lang='lat' dir='ltr'><strong>et</strong></span> <span class='ocrx_word' id='word_1_156' title='bbox 703 3285 790 3346; x_wconf 87' lang='lat' dir='ltr'><strong>horti</strong></span> <span class='ocrx_word' id='word_1_157' title='bbox 912 3314 914 3324; x_wconf 63' lang='lat'><strong><em>¹</em></strong></span> <span class='ocrx_word' id='word_1_158' title='bbox 994 3279 1058 3349; x_wconf 78' lang='lat'><strong>375</strong></span> 
     </span>
     <span class='ocr_line' id='line_1_25' title="bbox 48 3403 875 3487; baseline 0.004 -24"><span class='ocrx_word' id='word_1_159' title='bbox 48 3403 208 3482; x_wconf 87' lang='lat' dir='ltr'><strong>Provocat,</strong></span> <span class='ocrx_word' id='word_1_160' title='bbox 232 3425 251 3466; x_wconf 91' lang='lat' dir='ltr'><strong>a</strong></span> <span class='ocrx_word' id='word_1_161' title='bbox 270 3406 400 3466; x_wconf 87' lang='lat' dir='ltr'><strong>domina</strong></span> <span class='ocrx_word' id='word_1_162' title='bbox 413 3406 516 3467; x_wconf 84' lang='lat' dir='ltr'><strong>factus</strong></span> <span class='ocrx_word' id='word_1_163' title='bbox 529 3405 642 3487; x_wconf 86' lang='lat' dir='ltr'><strong>spado:</strong></span> <span class='ocrx_word' id='word_1_164' title='bbox 666 3405 805 3466; x_wconf 87' lang='lat' dir='ltr'><strong>dormiat</strong></span> <span class='ocrx_word' id='word_1_165' title='bbox 818 3405 875 3466; x_wconf 93' lang='lat' dir='ltr'><strong>ille</strong></span> 
     </span>
     <span class='ocr_line' id='line_1_26' title="bbox 50 3493 1009 3606; baseline 0.004 -23"><span class='ocrx_word' id='word_1_166' title='bbox 50 3523 122 3586; x_wconf 88' lang='lat' dir='ltr'><strong>Cum</strong></span> <span class='ocrx_word' id='word_1_167' title='bbox 136 3529 283 3588; x_wconf 88' lang='lat' dir='ltr'><strong>domina:</strong></span> <span class='ocrx_word' id='word_1_168' title='bbox 306 3526 362 3586; x_wconf 87' lang='lat' dir='ltr'><strong>sed</strong></span> <span class='ocrx_word' id='word_1_169' title='bbox 374 3538 412 3586; x_wconf 87' lang='lat' dir='ltr'><strong>tu</strong></span> <span class='ocrx_word' id='word_1_170' title='bbox 424 3527 491 3586; x_wconf 90' lang='lat' dir='ltr'><strong>iam</strong></span> <span class='ocrx_word' id='word_1_171' title='bbox 506 3511 638 3599; x_wconf 88' lang='lat' dir='ltr'><strong>durum,</strong></span> <span class='ocrx_word' id='word_1_172' title='bbox 662 3493 857 3598; x_wconf 32' lang='lat' dir='ltr'><strong>&#39;Posthume,</strong></span> <span class='ocrx_word' id='word_1_173' title='bbox 879 3527 1009 3606; x_wconf 88' lang='lat' dir='ltr'><strong>iamque</strong></span> 
     </span>
     <span class='ocr_line' id='line_1_27' title="bbox 48 3615 923 3722; baseline 0.006 -19"><span class='ocrx_word' id='word_1_174' title='bbox 48 3641 254 3722; x_wconf 86' lang='lat' dir='ltr'><strong>Tondendum</strong></span> <span class='ocrx_word' id='word_1_175' title='bbox 269 3647 417 3710; x_wconf 85' lang='lat' dir='ltr'><strong>eunucho</strong></span> <span class='ocrx_word' id='word_1_176' title='bbox 442 3645 609 3706; x_wconf 89' lang='lat' dir='ltr'><strong>Bromium</strong></span> <span class='ocrx_word' id='word_1_177' title='bbox 628 3615 829 3707; x_wconf 87' lang='lat' dir='ltr'><strong>committere</strong></span> <span class='ocrx_word' id='word_1_178' title='bbox 843 3646 923 3708; x_wconf 87' lang='lat' dir='ltr'><strong>noli.</strong></span> 
     </span>
     <span class='ocr_line' id='line_1_28' title="bbox 102 3745 769 3850; baseline -0.001 -23"><span class='ocrx_word' id='word_1_179' title='bbox 102 3765 135 3827; x_wconf 89' lang='lat' dir='ltr'><strong>Si</strong></span> <span class='ocrx_word' id='word_1_180' title='bbox 154 3745 272 3850; x_wconf 81' lang='lat' dir='ltr'><strong>gaudet</strong></span> <span class='ocrx_word' id='word_1_181' title='bbox 287 3781 399 3843; x_wconf 88' lang='lat' dir='ltr'><strong>cantu,</strong></span> <span class='ocrx_word' id='word_1_182' title='bbox 420 3765 541 3830; x_wconf 88' lang='lat' dir='ltr'><strong>nullius</strong></span> <span class='ocrx_word' id='word_1_183' title='bbox 557 3765 658 3826; x_wconf 83' lang='lat' dir='ltr'><strong>fibula</strong></span> <span class='ocrx_word' id='word_1_184' title='bbox 676 3767 769 3828; x_wconf 88' lang='lat' dir='ltr'><strong>durat</strong></span> 
     </span>
     <span class='ocr_line' id='line_1_29' title="bbox 50 3881 1055 3970; baseline 0.009 -30"><span class='ocrx_word' id='word_1_185' title='bbox 50 3881 161 3948; x_wconf 85' lang='lat' dir='ltr'><strong>Vocem</strong></span> <span class='ocrx_word' id='word_1_186' title='bbox 173 3889 342 3948; x_wconf 85' lang='lat' dir='ltr'><strong>vendentis</strong></span> <span class='ocrx_word' id='word_1_187' title='bbox 356 3887 570 3970; x_wconf 86' lang='lat' dir='ltr'><strong>praetoribus:</strong></span> <span class='ocrx_word' id='word_1_188' title='bbox 594 3907 711 3968; x_wconf 82' lang='lat' dir='ltr'><strong>organa</strong></span> <span class='ocrx_word' id='word_1_189' title='bbox 726 3903 854 3967; x_wconf 83' lang='lat' dir='ltr'><strong>semper</strong></span> <span class='ocrx_word' id='word_1_190' title='bbox 934 3891 936 3896; x_wconf 84' lang='grc'><strong>’</strong></span> <span class='ocrx_word' id='word_1_191' title='bbox 991 3889 1055 3952; x_wconf 79' lang='grc'><strong>880</strong></span> 
     </span>
     <span class='ocr_line' id='line_1_30' title="bbox 50 3999 769 4094; baseline 0.003 -30"><span class='ocrx_word' id='word_1_192' title='bbox 50 3999 85 4064; x_wconf 90' lang='lat' dir='ltr'><strong>In</strong></span> <span class='ocrx_word' id='word_1_193' title='bbox 94 4007 263 4094; x_wconf 17' lang='lat' dir='ltr'><strong>manibuszfl</strong></span> <span class='ocrx_word' id='word_1_194' title='bbox 277 4009 366 4069; x_wconf 91' lang='lat' dir='ltr'><strong>densi</strong></span> <span class='ocrx_word' id='word_1_195' title='bbox 381 4007 507 4066; x_wconf 87' lang='lat' dir='ltr'><strong>radiant</strong></span> <span class='ocrx_word' id='word_1_196' title='bbox 529 4007 688 4066; x_wconf 85' lang='lat' dir='ltr'><strong>testudine</strong></span> <span class='ocrx_word' id='word_1_197' title='bbox 700 4019 769 4066; x_wconf 90' lang='lat' dir='ltr'><strong>tota</strong></span> 
     </span>
     <span class='ocr_line' id='line_1_31' title="bbox 50 4107 940 4232; baseline 0 -46"><span class='ocrx_word' id='word_1_198' title='bbox 50 4107 271 4210; x_wconf 73' lang='lat' dir='ltr'><strong>sardonyches:</strong></span> <span class='ocrx_word' id='word_1_199' title='bbox 294 4131 398 4212; x_wconf 89' lang='lat' dir='ltr'><strong>crispo</strong></span> <span class='ocrx_word' id='word_1_200' title='bbox 412 4135 625 4188; x_wconf 80' lang='lat' dir='ltr'><strong>numerantur</strong></span> <span class='ocrx_word' id='word_1_201' title='bbox 642 4127 769 4232; x_wconf 83' lang='lat' dir='ltr'><strong>pectine</strong></span> <span class='ocrx_word' id='word_1_202' title='bbox 787 4123 940 4201; x_wconf 85' lang='lat' dir='ltr'><strong>chordae,</strong></span> 
     </span>
    </p>
   </div>
   <div class='ocr_carea' id='block_1_3' title="bbox 0 0 1358 4860">
    <p class='ocr_par' dir='ltr' id='par_1_3' title="bbox 0 0 1358 4860">
     <span class='ocr_line' id='line_1_32' title="bbox 0 0 1358 4860; baseline 0 2"><span class='ocrx_word' id='word_1_203' title='bbox 0 0 1358 4860; x_wconf 95' lang='lat' dir='ltr'><strong> </strong></span> 
     </span>
    </p>
   </div>
  </div>
 </body>
</html>
