2676 4860
215 406 315 496 *aar
352 507 355 515 ¹
559 403 970 491 lunorar'rouas
1011 469 1018 495 ,

244 640 247 645 -
299 602 340 662 Et
362 613 453 685 pater
475 602 613 660 armenti
636 613 727 682 capto
752 601 905 680 eripiatur
927 597 1047 679 agello:
1097 602 1101 609 “
1158 681 1169 697 ,

301 721 366 804 Ipsi
389 719 505 780 deinde
528 718 634 792 Lares,
657 721 683 780 si
705 719 790 800 quod
802 717 976 800 spectabile
988 717 1127 808 signurn.

341 840 488 900 Forsitan
509 839 656 900 imbelles
677 831 822 900 Rhodids
842 844 1037 918 unctamque
1060 833 1249 922 Corinthum

299 959 468 1041 Despicias
492 961 608 1019 merito
632 972 690 1019 etc.
741 1029 750 1054 Ι

255 1077 452 1140 Heineokius
473 1079 557 1138 r'i‘det
580 1078 677 1140 simul
697 1079 903 1159 interpretes,
925 1077 1065 1138 maxime
1087 1075 1273 1158 Rupertum,

152 1281 156 1284 -
257 1201 313 1279 qui
334 1197 422 1260 huno
442 1185 571 1257 sensuro
593 1196 696 1256 verbis
725 1195 841 1258 elicere
862 1198 984 1258 studet:
1015 1197 1116 1272 haec,
1149 1197 1207 1257 etsi
1233 1197 1272 1255 vi-

67 1308 82 1332 *
169 1344 172 1352 ¹
256 1304 436 1396 liaffbune
450 1315 785 1412 avarisdireptoribus
809 1317 881 1392 (nisi
902 1319 995 1378 malis
1017 1315 1213 1398 pauperibus
1230 1335 1271 1373 se

148 1451 150 1458 ’
232 1427 330 1520 ‘ciis)
352 1458 480 1500 summa
500 1420 664 1512 videntur,
695 1449 728 1498 et
747 1448 851 1501 recte:
886 1453 964 1497 nam
985 1454 1097 1496 revera
1118 1425 1187 1496 iarn
1206 1447 1273 1495 sunt

256 1537 407 1632 maxima,
429 1577 566 1637 summa,
588 1559 721 1639 optima,
744 1539 831 1638 quaer
846 1556 939 1616 sociis
959 1567 1079 1633 restant
1094 1555 1212 1616 bond.“
1233 1557 1275 1614 Ac

251 1659 376 1761 ‘magna
396 1679 540 1760 proiecto
563 1677 658 1738 huius
681 1675 902 1757 explicationis
919 1676 1108 1756 perversitas
1122 1679 1177 1749 est,
1202 1693 1277 1756 quae

234 1769 236 1772 Ι
257 1813 433 1880 praeterea
445 1809 581 1878 augetur
602 1795 804 1856 dubitatione
825 1795 892 1869 illa,
915 1793 1013 1856 verba
1035 1794 1221 1855 ad'miseros
1235 1813 1280 1852 so·

259 1892 339 1992 cios,
381 1935 422 1978 an
453 1915 493 1978 ad
522 1917 763 1996 provinciarum
794 1915 968 1994 direptores
998 1913 1192 1978 referantur.
1235 1913 1280 1972 Er

257 2057 331 2098 mea
353 2038 510 2097 sententia
533 2055 571 2096 ea
591 2055 659 2096 non
683 2036 775 2096 aliter
797 2035 943 2097 adhiberi
964 2035 1026 2095 nisi
1041 2033 1077 2096 in
1090 2034 1192 2100 socios
1215 2051 1282 2114 pos·

182 2228 191 2244 Ι
256 2169 346 2230 sunt,
369 2131 454 2236 quod
477 2155 608 2236 quidem
630 2155 729 2215 etiam
750 2153 865 2214 melius
891 2153 1104 2233 intelligitur,
1127 2153 1184 2214 ubi
1209 2173 1284 2216 curn

258 2295 311 2348 ea,
342 2248 660 2356 quae'praacedunt¹
684 2286 755 2333 turn
784 2293 865 2354 quae
887 2286 1080 2354 sequuntur,
1110 2275 1182 2334 satis
1209 2295 1282 2335 con·

257 2395 394 2456 siderate
420 2392 551 2456 fuerint.
589 2392 802 2480 *Adhortatur
829 2381 1142 2474 poet'a'Ponticum,
1171 2407 1230 2468 ut,
1258 2395 1282 2455 si

251 2493 436 2594 ‘praelectus
470 2513 711 2593 provinciarum
744 2511 846 2572 factus
877 2513 933 2586 sit,
969 2513 1159 2594 cupiditates
1196 2531 1283 2574 coer

202 2683 213 2694 ,
258 2645 337 2704 neat,
360 2635 392 2692 et
407 2629 568 2691 socionrnr
589 2641 769 2712 pauperum
791 2633 997 2727 miseratione
1018 2643 1176 2692 teneatur.
1202 2634 1281 2690 Ava-

195 2797 215 2844 '.
254 2751 418 2836 rosdenim
448 2759 553 2832 poena
581 2763 707 2825 manet,
737 2753 882 2833 praemia
909 2751 1029 2812 bonos..
1072 2749 1168 2811 Nunc
1199 2751 1283 2812 nihil

244 2859 339 2943 ¹fere,
371 2867 493 2950 inquit,
529 2873 688 2952 superest,
725 2869 811 2952 quod
840 2869 1089 2958 prouincialibus
1116 2871 1283 2952 eripiatur,

256 3003 384 3072 praeter
405 2991 480 3071 iuga
511 3001 624 3072 pauca,
647 2990 765 3066 bourn,
780 2995 938 3088 ‘parrum'
960 2994 1115 3072 equarum
1142 3009 1282 3072 gregem,

256 3109 341 3196 nihil
362 3112 593 3192 praeterieras
614 3124 648 3172 et
671 3131 751 3192 quae
774 3113 851 3174 alia:
874 3110 1042 3192 deplorant
1062 3129 1112 3170 res
1133 3129 1206 3170 suas
1232 3112 1282 3172 de

110 3246 114 3256 ’
193 3277 205 3298 χ
256 3230 405 3310 perditas.
448 3229 599 3312 spoliatis
621 3232 701 3293 olim
729 3199 796 3295 don
825 3244 933 3293 tantus
956 3231 1047 3292 dolor
1061 3243 1155 3305 erat,
1183 3251 1284 3322 quam

125 3353 173 3411 Ut
254 3365 359 3409 nunc:
388 3351 466 3410 socii
495 3351 583 3410 enirn
604 3351 783 3433 locupletes
810 3365 910 3413 erant.
947 3342 1064 3432 ¹Quare
1092 3349 1191 3424 aude,
1226 3353 1283 3414 eri·

256 3468 324 3549 pias
345 3469 385 3529 iis
406 3467 485 3528 haec
506 3487 624 3550 pauca,
656 3447 736 3550 quae
759 3469 923 3532 advitam
944 3471 1184 3532 'sustentandam
1208 3475 1281 3534 reli·

226 3661 228 3665 y
257 3607 320 3668 qua
341 3601 424 3662 sunt,
447 3588 585 3650 abducas
608 3589 695 3664 lares,
720 3590 795 3652 deos
815 3591 1013 3665 domesticos,
1035 3591 1088 3652 vel
1110 3589 1201 3680 aliud
1216 3611 1281 3673 spe·

259 3709 376 3769 otabile
397 3711 535 3790 signum.
580 3707 669 3768 Haec
696 3712 791 3782 enim*
816 3711 902 3794 apud
930 3731 983 3772 eos
1011 3731 1137 3772 summo
1167 3714 1204 3772 in
1228 3714 1280 3773 ho-

256 3845 335 3886 nore
357 3843 446 3902 sunt,
470 3842 502 3890 et
526 3829 701 3891 carissima:
734 3849 810 3891 narn
832 3852 870 3892 er
893 3831 943 3916 his
966 3845 1078 3892 omnes
1099 3829 1214 3892 eorum
1240 3831 1280 3893 di

220 3939 227 3954 “
256 3947 353 4017 vitiae
377 3939 539 4008 constant:
562 3951 676 4031 quibus
698 3951 818 4013 amissis
837 3966 871 4012 se
893 3950 1058 4020 destitutos
1079 3949 1183 4012 tutela
1207 3951 1267 4012 deo

255 4083 328 4125 rum
352 4067 528 4148 putabunt,
561 4085 593 4132 et
620 4073 722 4155 ipsam
751 4065 851 4144 v'itarn
879 4069 1025 4156 pepdent.
1071 4067 1159 4153 Quid
1186 4073 1276 4132 tum?

624 4357 704 4424 ,p
