2642 4850
151 441 199 504 IN
216 439 258 504 D.
281 441 367 504 IUN.
389 438 616 514 IUVENALIS
637 437 828 506 satiabit
851 445 924 512 v11.
978 448 1045 517 26⁹

70 609 504 708 Stantibiis,oanophorum,
526 613 681 695 tripodas,
704 619 864 694 armariir
879 621 988 700 duas,
1033 625 1039 640 '
1156 683 1158 697 Ι

65 733 233 794 Alcithoen
253 732 365 804 Pacci,
387 729 516 792 Thebas
533 745 566 792 et
587 734 691 796 Terea
717 735 834 800 Fausti.
882 741 885 750 “

28 853 57 914 Si
75 855 189 935 poesis,
217 853 341 934 inquit,
371 851 464 912 nulla
483 852 545 914 tibi
574 855 744 918 commoda
771 855 899 930 afforet,
929 859 1040 922 domos

27 973 179 1032 nobilium
206 971 410 1054 ingrediaris,
439 983 536 1056 teque
561 974 739 1038 incorum
767 980 945 1040 amicitiam
966 981 1040 1042 insi-

26 1113 111 1166 nues,
138 1103 195 1152 aut
223 1109 358 1152 munere
386 1091 551 1172 praeconis
582 1091 732 1174 iungaris.
776 1097 847 1160 Hac
868 1102 1037 1174 sententia,

26 1233 97 1293 quae
119 1211 214 1274 huius
234 1211 300 1272 loci
322 1212 496 1272 certissima
517 1224 573 1285 est,
595 1215 785 1292 constituta,
801 1219 848 1280 vis
863 1221 1039 1302 scripturae

24 1334 197 1394 multorum
218 1331 318 1392 Codd.
342 1332 377 1392 in
398 1349 477 1392 arca
491 1306 549 1412 per
569 1351 607 1394 se
624 1335 691 1394 iam
713 1340 882 1399 evanescit.
918 1339 1038 1419 Quam·

23 1468 113 1532 quam
140 1437 245 1513 uuunt
273 1425 321 1513 ex*
348 1451 595 1531 interpretibus,
637 1459 824 1537 ceteroquin
853 1455 977 1519 bo'num
1006 1471 1039 1548 st
1139 1513 1143 1552 >

22 1573 203 1652 probatum,
234 1539 449 1654 Grangaeum,
478 1571 570 1633 illam
588 1575 718 1636 rectiori
739 1578 927 1659 praetulisse
950 1578 1038 1640 vids·

20 1711 107 1767 mus,
129 1693 291 1754 Martialis
317 1693 385 1752 sine
408 1676 507 1752 dubio
524 1693 641 1755 ‘verbis
669 1695 742 1756 libr.
770 1696 864 1772 XIV,
891 1715 940 1780 ep.
962 1698 1037 1768 219.
1086 1747 1092 1770 .
1150 1743 1155 1770 .

19 1814 118 1874 nullos
125 1811 310 1897 referentia
320 1831 464 1873 nummos
478 1811 634 1876 Carecina
641 1835 711 1876 cum
719 1816 843 1880 scribes
852 1818 1035 1900 deceptum.

20 1933 101 2011 Quin
123 1935 224 1996 etiam
247 1932 310 1992 alia
332 1931 476 1992 eiusdem
497 1937 674 1998 sententiae
697 1939 858 2013 carmina,
888 1929 969 2021 quie
991 1939 1036 2000 af·

18 2051 89 2112 ferri
111 2065 272 2133 poterant,
295 2028 426 2114 exstant.
474 2041 615 2115 Martial.
639 2057 737 2136 epigr.
759 2057 818 2122 lib.
840 2055 874 2135 Ι,
896 2078 940 2120 vs.
962 2061 1016 2123 tt.

53 2172 173 2234 Pierios
196 2163 289 2234 differ
310 2185 485 2254 cantusque
507 2172 683 2255 chorosque
704 2180 865 2252 soronam,
893 2199 897 2208 ·

93 2293 157 2352 Aes
180 2291 270 2354 dabit
292 2311 330 2352 er
351 2294 419 2354 istis
435 2293 527 2354 nulla
546 2293 656 2376 puella
676 2294 746 2356 tibi.
919 2285 921 2290 ’

55 2411 144 2491 Quid
167 2413 250 2494 petis
265 2383 462 2490 ¹anoebo?
484 2431 635 2476 nummos
652 2411 751 2476 habet
771 2415 1035 2485 arcaMinervas.

14 2531 163 2613 Calpurn.
187 2531 287 2612 eclog.
310 2529 372 2607 lv,
397 2535 449 2598 23.

48 2653 177 2732 Frange
198 2669 279 2733 puer
301 2653 440 2716 calamos
462 2666 495 2714 et
515 2655 630 2715 inanes
646 2653 755 2714 desere
774 2669 883 2717 musas
995 2671 1017 2678 ·’
1100 2681 1103 2702 ι
1217 2641 1220 2654 '

47 2773 91 2835 Et
112 2773 220 2854 potius
241 2771 373 2853 glandes
394 2773 639 2854 rubicundaque
662 2775 778 2858 collige
800 2793 915 2850 corna,

47 2893 125 2954 Duc
147 2892 189 2952 ad
210 2893 351 2954 mulctra
372 2913 481 2975 greges
504 2907 537 2954 et
557 2895 609 2956 lac
631 2895 744 2956 venale
764 2913 824 2978 per
845 2894 962 2958 urbem

50 3013 129 3074 Non
150 3011 267 3072 tacitus
287 3025 396 3094 porta:
417 3013 495 3094 quid
515 3016 606 3075 enim
625 3014 687 3076 tibi
708 3013 815 3076 fistula
834 3013 969 3087 reddet,
990 3097 993 3104 ¹

49 3134 126 3212 Quo
148 3143 255 3192 tuterc
275 3131 419 3194 famem?

11 3251 100 3334 Quae
129 3251 172 3312 ad
192 3249 228 3311 id
248 3265 377 3313 tautum
407 3251 627 3328 adhibuerim,
659 3263 697 3312 ut
724 3251 812 3326 inde,
837 3251 964 3314 ratione
990 3251 1029 3315 si·
1146 3301 1151 3306 .

9 3373 77 3433 mul
99 3371 251 3432 vocabuli
278 3373 447 3453 quadrans
473 3373 597 3450 habita,
625 3371 780 3464 lectionis
800 3370 904 3446 illius,
932 3391 1030 3454 quam

8 3494 242 3554 sententiando
264 3494 449 3555 coniunctio
471 3511 598 3576 prorsus
618 3488 869 3576 spernit,‘origo
891 3493 1029 3573 explico·
1111 3480 1114 3488 ’

8 3625 80 3684 tur„
113 3611 235 3674 Suadet
255 3614 354 3694 igitur
374 3626 471 3696 poeta
491 3615 594 3689 alteri,
615 3611 668 3690 ut,
683 3613 783 3676 Musis
804 3613 947 3696 praemia
960 3625 1029 3673 non
1120 3629 1129 3656 2

7 3729 252 3816 praebentibus,
288 3743 344 3792 aut
377 3731 464 3792 bona
497 3733 641 3796 aliorum
662 3736 698 3797 in
725 3735 874 3796 auctione
901 3729 1029 3806 vendat,

8 3865 61 3914 aut
83 3854 300 3934 parasitorum
320 3867 411 3912 more
437 3855 560 3916 victum
581 3856 768 3935 aucupetur.
811 3851 1030 3933 Oppouunttn
1062 3867 1064 3872 ·

7 3973 66 4034 sibi
89 3973 153 4034 hoc
174 3973 247 4034 loco
268 3973 335 4036 rita
355 3971 537 4036 umbratilis
548 3985 581 4033 et
596 3975 768 4056 negotiosa.
802 3967 923 4032 Uotbra
937 3985 1029 4054 pras·

8 4095 103 4176 cipue
123 4093 228 4174 poetis
247 4089 416 4158 tribuitur:
436 4107 515 4154 uam
533 4091 742 4156 wlbudinem
770 4099 945 4183 quaerut,
974 4101 1027 4152 ur²

766 4215 847 4280 17*
