2706 4860
130 436 132 447 Ι
167 388 187 426 Κ

65 511 67 519 ,
170 542 309 602 muttum
322 533 468 594 utilitatis
481 531 600 596 attulit.
630 531 765 613 Semper
780 549 838 611 ego
848 528 939 592 ‘hunc
956 531 989 592 v,
989 547 1063 591 mm
1077 535 1251 605 amavi„
1348 507 1349 514 ,

171 657 204 705 et
216 637 346 705 amab03
368 627 444 710 ¹scio,
466 647 585 716 quanto
599 635 640 696 sit
656 637 758 695 animi
776 635 923 708 candore,
946 647 1063 716 quanta
1078 635 1192 694 huma-

167 721 283 815 nitate,
306 752 425 822 quanta
448 739 614 798 comitate:
635 738 713 797 novi
728 751 760 796 et
775 737 831 797 alii
845 751 966 798 norunt
986 739 1105 798 miram
1125 739 1193 797 eius

93 887 96 898 .
165 848 258 916 vim‚·
275 863 336 924 qua
357 843 480 902 animos
504 841 546 900 ad
561 859 595 900 se
608 837 722 911 trahit,
746 853 929 901 commovet
945 853 979 900 et
995 825 1194 900 inflammat:

168 947 223 1025 qui
237 945 264 1004 si
278 945 362 1006 forte
380 945 533 1025 quosdam
542 942 669 1002 laedere
682 943 836 1015 videatur,
849 963 918 1002 non
931 956 1000 1002 tam
1012 944 1082 1024 ipsi,
1097 959 1194 1022 quam

170 1047 369 1128 temporibus
377 1048 492 1107 nostris
500 1043 712 1107 tribuendum
723 1065 846 1108 censeo.
871 1045 966 1125 Quod
977 1047 1004 1106 si
1015 1065 1089 1104 vero
1099 1044 1194 1104 Froe-

167 1151 261 1210 lichii
284 1170 360 1210 eum
374 1149 537 1221 vellicant,
559 1149 726 1229 imperitos
739 1149 820 1249 inlse
837 1147 988 1209 bacchari
1009 1150 1102 1221 sinet,
1125 1149 1193 1227 qui-

126 1308 129 1318 ,
167 1255 227 1314 bus
249 1255 461 1325 hilaritatem,
483 1247 535 1311 vel
548 1253 654 1332 potius
667 1252 889 1333 petulantiam,
903 1253 1100 1333 restinguere
1123 1269 1195 1330 pos-

167 1369 215 1416 set
231 1357 397 1418 facillime.

255 1459 345 1518 Haec
369 1444 436 1518 ieie
468 1471 558 1530 sunt,
589 1479 668 1539 quae
696 1460 860 1520 monenda
884 1459 1000 1526 habui3
1028 1471 1196 1540 praeterea

168 1563 252 1625 nihil
269 1562 369 1635 addo,
391 1562 454 1622 nisi
474 1575 512 1620 ut
538 1559 598 1623 ΤΕ
616 1583 721 1636 orem,
742 1576 779 1622 ut
791 1563 854 1623 hoc
869 1565 1099 1623 munusculum
1118 1581 1195 1622 cum
1270 1545 1274 1552 ¹

118 1655 122 1668 ⁸
168 1669 293 1726 sincera
316 1666 417 1730 animi
435 1665 518 1744 grati
536 1666 707 1724 testatione
728 1665 885 1726 traditum
901 1685 953 1739 ea,
976 1685 1074 1746 quam
1085 1667 1122 1725 in
1139 1662 1197 1723 TE

170 1761 301 1828 cernere
327 1769 492 1840 consuevi,
514 1767 646 1828 lenitate
662 1781 694 1827 et
709 1768 911 1830 humanitate
927 1770 1073 1850 accipias.
1099 1763 1196 1845 Quod

170 1874 197 1932 si
220 1890 353 1951 operam
374 1889 506 1928 omnem
525 1889 579 1928 me
600 1889 667 1929 non
694 1871 790 1950 plane
808 1872 983 1953 perdidisse
1005 1885 1194 1951 cognovero,

170 1965 196 2033 si
219 1973 292 2042 TU,
324 1985 358 2031 et
378 1972 435 2032 alii
455 1973 517 2032 viri
537 1972 623 2031 docti
647 1971 735 2030 hunc
753 1987 883 2052 poetam
906 1995 980 2035 mea
1003 1993 1105 2032 manu
1127 1987 1196 2030 non

170 2087 357 2164 oneratum,
379 2074 545 2134 interdum
566 2065 671 2134 etiam*
683 2087 834 2133 ornatum
853 2075 948 2135 fuisse
969 2073 1195 2144 iudicaveritis,

135 2175 138 2186 ¹
169 2197 367 2259 magnopere
391 2177 541 2256 equidem
562 2177 715 2257 gaudebo.
760 2176 794 2238 Si
815 2177 992 2264 quid·iorte
1015 2161 1107 2237 ame
1138 2175 1196 2234 ali-

146 2323 149 2330 ·
174 2282 249 2342 cubi
272 2293 442 2362 peccatum
471 2278 585 2353 fuerit,
613 2281 800 2360 ignoscatis,
830 2263 963 2359 quaeso,
993 2293 1025 2340 et
1045 2277 1194 2360 spectetis

170 2387 277 2467 potius
303 2385 347 2444 *de
376 2383 438 2443 hoc
464 2395 560 2463 poeta
584 2381 667 2442 bene
693 2379 842 2448 merendi
871 2383 1101 2442 voluntatem*
1133 2379 1196 2440 Cui

172 2491 261 2548 enim
288 2488 452 2565 contingat
469 2497 538 2544 tam
557 2484 646 2546 felici
667 2507 747 2559 esse,
769 2498 807 2545 ut
822 2497 949 2546 rectum
969 2493 1133 2565 perpetuo·
1148 2492 1196 2538 te⁴

173 2603 250 2652 neat
274 2588 422 2648 cursum?
465 2587 537 2646 Hoc
558 2601 670 2650 tamen
696 2587 802 2662 TIBI,
828 2585 904 2647 VIR
924 2579 1196 2653 MAGNIFICE,

172 2706 359 2775 persuasum
385 2689 503 2750 habere
534 2703 641 2771 potes,
674 2707 728 2750 me
755 2692 896 2763 nemini,
942 2691 997 2770 qui
1025 2686 1085 2748 TE
1111 2683 1198 2744 colat

171 2796 224 2856 vel
248 2789 506 2874 diligentissime,
535 2811 691 2873 umquam
709 2773 872 2854 cessurum
899 2812 980 2865 esse,
1008 2805 1197 2869 semperque

171 2899 324 2958 (latinum
346 2915 494 2975 operam,
524 2907 619 2954 uteo
633 2915 687 2956 me
711 2917 776 2957 esse
795 2899 833 2958 in
855 2894 915 2958 ΤΕ
928 2895 1083 2974 obsequio
1100 2890 1198 2951 intel-

172 3003 268 3083 ligas,
299 3019 395 3080 quarn
417 3011 449 3058 et
480 2995 606 3060 ΤΠΑΕ
632 3001 765 3060 virtutes
790 3012 823 3059 et
847 2997 1027 3080 amplitudo
1053 2993 1198 3055 muneris

95 3158 98 3167 .
170 3104 344 3188 postulant.
393 3101 481 3160 Deus
514 3099 663 3162 omnibus
696 3100 807 3163 TUIS
831 3101 984 3162 institutis
1016 3119 1050 3160 et
1077 3096 1197 3178 coeptis

171 3205 338 3289 prospeios
361 3187 520 3264 successus
543 3203 713 3286 largiatur,
747 3203 869 3284 TEque
896 3202 1055 3264 bonarum
1075 3201 1197 3260 littera-

169 3329 246 3372 rum
265 3321 407 3369 tutorem
429 3325 527 3385 quam
541 3305 717 3366 diutissime
737 3317 901 3366 conservet
923 3305 1136 3374 incolumem,
1159 3313 1198 3372 ut

171 3414 208 3474 in
237 3407 332 3474 TUO
350 3407 458 3468 favore
477 3420 510 3466 et
536 3408 641 3468 studio
666 3407 880 3489 Gymnasium
900 3419 1046 3476 nostrum
1062 3403 1197 3484 posthac

170 3514 373 3609 acquiescere
404 3510 512 3594 possit.
557 3509 653 3583 Vale,
680 3529 800 3590 nosque
833 3529 958 3582 omnes,
989 3523 1066 3588 quos
1087 3507 1196 3566 mutui
1227 3501 1231 3520 ¹

172 3618 291 3678 umoris
304 3613 433 3675 vinculo
448 3613 635 3674 coniunctos
649 3611 793 3686 voluisti,
815 3633 923 3674 amare
936 3629 1043 3694 perge.
1090 3630 1093 3639 ’

256 3715 444 3780 Scribebam
458 3717 633 3778 Wimariae
646 3734 756 3802 mense
770 3715 890 3775 Martio
904 3709 1194 3774 aMDCCCXXV.

614 3815 734 3908 ¹Ere.
767 3837 898 3912 Guil.
934 3835 1117 3908 Weber.
1177 3917 1181 3924 Ι

147 1415 166 1463 t

500 4041 850 4072 καφ-’ὡ
